3276 4516
248 402 1175 102 uesq̃ furent eleue plusieurs nouuel

256 492 1159 102 les coustumes en la cite de cõstãtino

252 583 1156 101 ble et cõmẽt la trahisõ fut cogneue.

1118 666 267 120 . uii. cha

240 2081 49 131 l

508 2002 873 116 Empereur alexãdre ap̃s qͥl

497 2092 881 105 eut dechasse et deboutee ui

504 2178 855 128 tuperablemẽt sa fẽme bellis

237 2280 1118 121 sãt hors de sa cõpagnie. fit plusieurs

222 2378 1144 113 durs et piteux regretz pour elle et s ẽ

233 2461 1145 105 repentit en son courage. mais l arche

233 2555 1133 94 uesq̃ mauldit de dien tousiours l en

233 2649 1133 98 tretenoit en sa folle oppinion. et l ẽpe

225 2732 1149 101 reur le creoit. Et tant luy donna de

233 2822 1133 109 puissance et d auctorite sur tous les

229 2916 1137 109 aultres que ce qͥl commandoit estoit

237 2995 1133 113 fait tant eust de gouuernement et de

240 3085 1126 113 seigneurie qͥl mist sus et esleua en la

229 3183 1134 102 cite de constantinoble coustumes et

229 3270 1126 101 usages cõtre droit et contre rayson.

233 3360 1126 109 Or auint q̃ en la cite auoit une foire

225 3454 1134 98 laquelle on tenoit le . xu. iour de sep-

237 3533 1126 124 tembre et de plusieurs pais uenoiẽt

233 3620 1130 124 les marchans a celle foire Et quant

229 3703 1130 165 le iour fut uenu que on la deuoit te-

1472 406 1148 109 nir. la uille fut toute plaine de mar-

1464 489 1149 124 chans de diuers pays et de plusieurs

1457 587 1156 116 contrees. La fit l empereur garder la

1461 662 1144 113 foire cõme de coustume estoit. et bail

1445 752 1160 136 la la garde a l archeuesque qui pour

1453 846 1148 132 luy acompaigne fit armer deux cẽs

1449 940 1156 109 compaignons; lesquelz partirent de

1457 1031 1144 120 la uille pour la foire aler garder. en

1468 1132 1133 109 ycelle foire fut presente le marchant

1453 1204 1137 124 dont i ay mention faite deuant. C est

1453 1290 1137 117 assauoir celuy qui trouua blandi-

1453 1392 1137 120 main et l archeuesque qui se comba-

1453 1478 1137 128 toient bien le recogneust l archeuesq̃

1445 1561 1138 124 mais nul semblãt n en fit. Car trop

1445 1663 1141 117 il doubtoit que sa faulcete ne fust co

1438 1761 1145 109 gneue moult uoulentiers l eust fait

1445 1847 1138 113 moutit. mais il n auoit pas la puissã

1445 1930 1134 124 ce sans trop grãt esclandre. a ce iour

1438 2024 1133 124 le dit marchant qui fut bien garny

1442 2103 1133 136 de drap d or et de soye uendit et deli-

1442 2205 1122 124 ura plꝰ q̃ nul des aultres. pourquoy

1434 2280 1134 139 en la fin de la foire l archeuesq̃ s y en

1438 2385 1126 125 uoya deuers luy ung sergẽt pour luy

1438 2468 1130 113 demander tribu en quoy il estoit te-

1430 2562 1134 125 nu pour cause de la uendition de sa

1430 2641 1130 117 marchandise. Le sergent uint a luy

1423 2743 1137 109 disant. Sire marchant il uoꝰ fault

1430 2837 1126 124 payer dix deniers pour liure de ce q̃

1430 2927 1130 106 uous auez uendu. car ainsy est il or-

1430 3014 1130 117 donne. Or ua dit le marchant q̃ mal

1434 3112 1126 105 puisse aueuir a celuy qui telle cou-

1434 3198 1122 109 stume a mise sus. c est le faulx et des-

1423 3274 1133 124 loyal archeuesque que dieu mauldie

1427 3379 1133 124 C̃ar lougtemps y a que mourir doit

1430 3458 1123 120 honteusement et a deshonneur. lors

1430 3545 1123 124 quant le marchant eust ainsy diffa-

1427 3631 1126 147 me l archeuesque. Le sergent leua so

1442 3725 1137 181 baston et frappa le marchant en la
