3288 4516
316 406 1126 120 ne bellissant la male uoulente de son

305 485 1137 124 courage. Trop a tẽps cõmẽca la fo-

308 587 1130 109 lie; et tart s en repentit. Ainsy auie

312 677 1126 113 souuent q̃ ce que fol pense il demeure

316 767 459 121 estre parfait.

399 839 1039 135 Cõment l archeuesq̃ ap̃s ce qͥl fut

305 933 1129 116 escõdit de la dame bellissant pour sõ

316 1031 1118 105 hõneur sauluer cõtre la noble dame

316 1121 1118 132 pẽsa et machina une grãt trahisõ. iii.

576 2464 855 113 N pensee et sousy trop par

305 2555 86 113 E

572 2566 866 121 fait et ennuyeulx fut l ar-

572 2668 859 94 cheuesque doubtãt q̃ l empe

301 2754 1130 94 reur ne le fist mourir pour sa faulte

290 2818 1144 124 criminelle; laq̃lle cõtre sa haulte sei

290 2912 1152 132 gneurie et magnificẽte il auoit cõmi

312 3025 1126 98 se. Si se pensa de sauluer sõ hõneur

305 3089 1133 113 tout au mieulx q̃ il pourroit Et tãt

308 3180 1134 131 fit q̃ pour sa malediction couurit et

312 3285 1130 113 pour monstrer apparãce de le aute et

312 3383 1126 94 preudõmie; en faignant et dissimu-

301 3462 1141 109 lãt q̃ de tout son pouoir il uouloit et

305 3552 1137 102 desiroit le bien et honneur et ualeur

308 3646 1134 102 et utilite de l ẽpereur. Le iour de l a-

308 3729 1134 143 scetion nostre seigneur. il uint par-

1495 417 1141 98 deuers l ẽpereur et le tyra a part. et

1498 485 1145 120 luy dist en telle maniere. Tres hault

1506 598 1130 98 empereur il est uray q̃ ie cognois les

1502 673 1138 124 grans graces et benefices q̃ uous m a

1502 760 1130 116 ues donez et ottroyez; et scay bien q̃

1506 846 1126 121 par uous ie suis en hõneur monte et

1498 948 1134 98 eleue plus que a moy n apartiẽt. Et

1510 1019 1122 128 sy m auez fait cõme indigne et insuf-

1506 1132 1122 106 fisant maistre et gouuerneur de tou

1498 1211 1130 109 te uostre maison; du tout a moy uoꝰ

1498 1305 1130 102 confiant plus qu en nul aultre de uo

1495 1399 1133 110 stre court. sy ne doy pas estre en lieu

1495 1471 1130 124 ne en place ou ie seuffre ne endure uo

1502 1576 1126 113 stre estat estre diffame et uostre renõ

1495 1670 1137 106 mee mys au bas. Car ainsy me soit

1495 1753 1137 109 dieu propice q̃ i aimeroye plus chier

1487 1836 1141 120 deuant toꝰ de moy soubmettre a subi

1495 1934 1133 120 te mort finer mes iours q̃ uoir ou es-

1491 2028 1141 109 couter deuãt ma presence langaiges

1498 2099 1130 121 ou parolles qui a uostre hõneur et do

1495 2197 1137 113 mination et seigneurie fussent mal

1495 2291 1133 125 cõuenables ne licites Si me ueullez

1498 2389 1134 106 oyr reciter et declairer ung cas qͥ grã

1495 2476 1137 105 demẽt touche et ataint uostre profit

1495 2559 1141 112 et hõneur plu q̃ nulles riẽs. Sire il

1495 2653 1137 124 est uray et certain q̃ bellissãt uostre

1506 2735 1126 121 fẽme seur du roy pepĩ de frãce. laq̃lle

1506 2833 1126 109 uoꝰ auez uoulu ca priser et hõnourer

1498 2924 1138 105 q̃ pour fẽme et espouse l auez prise. ne

1498 3018 1134 105 uous tiẽt pas foy ne loyaulte cõme

1502 3097 1130 109 doit. car pour tout uray elle aime au

1498 3183 1138 124 tre q̃ uoꝰ; et q̃lle uoꝰ ẽ desloyalle. mais

1510 3281 1126 113 tãt y a q̃ ne ueulx pas mener ne nõ-

1514 3387 1118 94 mer celuy qͥ de uostre fẽme fait sa uou

1498 3469 1142 106 lẽte. Car uoꝰ scauez q̃ ie suis p̃stre sa

1502 3552 1130 117 cre. il est uray q̃ la uerite de ceste chose

1502 3635 1141 120 m est uenue en cõfession sine la doyne

1514 3733 1133 165 ne ueul pas reciter en matere q̃ ie uoꝰ
