3264 4516
259 391 1122 117 uillainement dechassee Alors elle cõ

252 481 1163 128 sidere le lignage et sang royal dõt el

248 556 1148 151 le estoit partie et yssue. La tres haul

259 658 1137 128 te magnificience imperiale ou elle a-

256 748 1136 121 uoit este mise. Puis pensa la misera

248 846 1152 113 ble et dolãte fortune q̃ sur elle estoit

256 933 1136 116 si soudainemẽt tournee. Helas he-

252 1016 1144 120 las pour quoy tarde la mort q̃lle ne

248 1110 1148 116 uient a moy pour ma uie abreger et

252 1189 1144 135 mes angoisses et douleurs afin met

248 1290 1144 132 tre. Las de malleure fus ie nee pour

244 1377 1141 139 telle peine souffrir Et de sy hault es

248 1478 1144 125 tat cheoir en telle pourete. car de tou

248 1550 1144 139 tes les maleureuses ie suis la nõ pas

240 1652 1152 120 reille. Or sont toutes mes ioyes en

248 1738 1141 121 tristresse muees. Mes ris en pleurs

240 1828 1149 121 changez. mes chans en souspirs con

248 1923 1144 116 uertis. en lieu de robe de drap d or dõt

248 2017 1141 128 souloie estre paree. ie suis cõme fem

240 2096 1141 139 me publiq̃. de iniures et uituperez cõ

244 2194 1156 120 mise et adornee. Et pour pierres pre

244 2280 1148 121 cieuses grosses de ualeur inestima-

252 2367 1140 139 bles de toutes pars me conuient le de

252 2457 1140 128 mourãt de ma poure uie dolãte semer

248 2555 1137 116 et couurir mes habis de grosses lar-

252 2641 1137 117 mes et dueil qͥ mes iours et ma uie

248 2728 1137 124 me ferõt finer. O uous pastourelles

240 2826 1149 131 et bergieres des champs; consideres

244 2920 1141 109 ma grant douleur et ploures mõ do-

240 3003 1152 124 lant exil. Or pleust a dieu q̃ ie fusse

248 3093 1144 117 de aussi basse cõdition et estat descẽ

244 3180 1148 116 due q̃ la plꝰ poure du mõde. Au moĩs

263 3285 1126 105 ie n auroye nul regret de moy ueoir en

248 3368 1141 120 telle pourete Helas pourquoy me a-

256 3469 1140 102 lume le soleil et pourquoy me sousti

256 3541 1144 139 ent la terre. Car ie n ay besoing q̃ de

259 3642 1141 117 la fontaine dãgereuse de tristesse et

256 3721 1144 192 mortelle misere. Pour dõner a mes

1438 387 1155 124 yeulx force et habõdance de larmes.

1434 477 1167 110 Car il n est pas en ma puissance hu

1449 572 1152 116 maine et corporelle de ma destresse lã

1449 651 1129 131 goureuse souffisãment plourer. O

1445 745 1156 128 faulte enuye et trahyson ie te doy biẽ

1438 835 1167 109 du cueur mauldire. Car par toy ie

1441 925 1160 113 suis au iourduy la plus dolente cre-

1449 1027 1148 98 ature qͥ soit uiuant sur la terre. He

1453 1125 1140 94 las mon frere roy pepin q̃ ferez uous

1445 1192 1152 113 de ceste dolente. Or uous uausist il

1445 1283 1148 116 mieulx q̃ oncq̃s sur terre ie n eusse es-

1445 1373 1156 121 te enfantee. Ou q̃ du uentre de ma

1449 1467 1144 109 mere ie eusse este en terre boutee En

1453 1569 1144 98 faisant ceste dure cõplainte la dame

1456 1648 1141 109 demoura pasmee sur le cheual; et a

1456 1742 1137 117 terre fust tõbee Quand blandimain

1445 1821 1148 128 s aprocha pour le soustenir. helas dist

1453 1934 1140 94 il madame prenez en uoꝰ cõfort et ne

1456 1998 1134 128 ueullez entrer en tel desespoir. Ayez

1456 2092 1134 132 ferme fiãce en dieu Et aĩsy cõme uoꝰ

1449 2197 1148 109 estes innocente sachez qͥl uoꝰ cõforte-

1456 2288 1141 105 ra et uostre bon droit gardera. A dõt

1449 2367 1144 116 il auisa une moult belle fõtaine uers

1453 2472 1140 124 laquelle il mena sa dame et au plus

1460 2555 1133 132 pres la fist assoir pour ung peu repo

1460 2668 1133 105 ser et reprendre courage. Sy uous

1441 2735 1145 128 laisseray a parler d eulx et parleray

1453 2833 1137 124 de l archeuesque qͥ fut perseuerãt en

1460 2912 1024 151 sa malice dãnable et diabolique.

1539 3195 1051 105 Comme l archeuesque se mist

1456 3277 1141 121 en habit de cheualier et monta a che

1460 3364 1130 158 ual pour suiuye bellissant qui estoit

1449 3469 346 147 bannye.

2104 3454 478 245 . iiii.chapitre.

2349 3560 128 135 ui
