3420 4516
478 421 1047 120 Cõment le roy pepin espousa ber

395 489 1104 124 te dame de grant renõmee. i. chap̃

369 1915 71 136 u

636 1859 848 101 Eritablement nous trou-

629 1949 862 102 uons aux croniques anciẽ-

632 2035 852 113 nes que noble et uaillãt roy

365 2130 1141 112 peepin si espousa et prist a fẽme berte

365 2220 1119 98 dame de grant renõmee; saige et pru

357 2299 1130 113 dente qͥ en son temps eust et souffrit

361 2385 1126 113 par enuye grãde habondãce de pestil

350 2472 1137 120 lãce et tribulatiõ. Car elle fut chas

354 2566 1133 121 see et espellee de la cõpagnie et habi

350 2656 1134 113 tation du dit roy son mary; par une

342 2743 1142 124 faulte et mauldite fẽme uielle et en

350 2845 1130 97 uenimee en malice. laq̃lle uielle pour

346 2935 1134 98 la premiere nuytee trouua facon et

354 3014 1126 113 maniere de bailler et deliurer une siẽ

350 3108 1130 109 ne fille au lieu de la bonne royne ber-

350 3213 1130 94 te. et elle mena et cõduisist ceste tra-

346 3285 1130 120 hison pour maintenir sa fille auec le

342 3368 1134 120 roy au lieu de berthe son espouse. le-

342 3458 1134 132 q̃l roy d icelle fille eut deux filz hauf

350 3571 1126 98 froy et henry. qͥ ou tẽps de leur regne

346 3650 1138 109 moult fort greuerẽt et gasterent le

1540 406 1160 135 rage plaĩ et de male uoulẽte. ces deux

1566 515 1134 105 furent cause de mettre la royne ber-

1563 602 1133 109 the en exil. dont luy cõuint mainte

1559 688 1122 128 douleur et angoisse souffrir. et en ex

1555 779 1138 112 il fut la dite dame moult lõguemẽt

1551 869 1145 109 usãt et passant les iours en larmes

1551 959 1130 121 et gemissemẽs. Mais puis ap̃s de sõ

1555 1057 1134 109 amere et douloureuse fortune dieu le

1551 1144 1130 116 createur des peines et tourmẽs uray

1555 1234 1122 117 protecteur deffendeur et tres piteulx

1551 1320 1134 121 uoulut la bõne dame en son auersite

1548 1411 1133 116 misericordieusemẽt secourir. Et en

1551 1501 1126 117 tãt q̃ dieu createur du mõde au moy

1548 1588 1137 109 en et a l itercessiõ de plusieurs barõs

1563 1685 1118 98 de france desirãt le bien et utilite du

1555 1761 1130 128 dit royaulme; la royne berthe fust a-

1548 1862 1137 106 cordee au roy. lequel en grãt pitie et

1551 1938 1126 131 hõneur la receust. et ap̃s peu de tẽps

1548 2043 1137 117 en elle engendra ung filz. Ce fut le

1544 2137 1141 98 tres puissant et redoubte roy charle-

1551 2220 1134 113 maigne. leq̃l puis apres fut deboute

1548 2295 1129 124 et dechasse hors du royaulme par les

1555 2385 1126 125 dessus dis. hauffroy et hẽry. ainsi que

1555 2491 1126 116 plus aplain appertence p̃sent liure.

1551 2585 1130 102 mais a tant ie uous ueul parler de la

1551 2668 1130 105 matiere subiecte ia deuãt proposee;

1544 2747 1137 139 et par especial du fait et du gouuer

1548 2852 1129 102 nemẽt du uaillant ualẽtin et de son

1551 2931 1126 117 frere orson. Or est uray q̃ le roy pepĩ

1551 3033 1126 105 auoit une seur nõmee bellissant; belle

1548 3108 1129 135 plaisant et tres gracieuse en toutes

1548 3210 1129 109 choses biẽ aprise et endoctrinee et l ai

1544 3300 1133 120 ma le roy pepin son frere de bonne a-

1544 3394 1130 113 mour cordiale. Et tãt qͥl auint que

1544 3481 1133 105 pour le bruit et renõmee d icelle laq̃l-

1544 3571 1133 109 le de grãs et de petis estoit prisee et a-

1540 3665 1141 117 mee. pour la beaulte et tres gracieulx

1536 3752 1153 173 parler maniere et cõtenance qͥ en elle

346 3736 1134 185 pays de france. Et furent de fier cou
