3424 4652
1008 1713 876 136 Uant l archeuesq̃ uit que la

760 1845 62 108 q

988 1818 896 120 dame estoit partie il se pẽsa

1012 1911 876 120 qͥl yroit ap̃s et q̃ d elle il fe-

717 2000 1159 120 reoit sa uoulente. Il laisa rochet et au

729 2093 1147 116 musce et cõme irregulier et apostat a

725 2198 1151 100 sainte son espee et mõte a cheual. Et

729 2291 1147 100 frappe des esperõs. car il estoit mõte

725 2364 1147 124 a l auantage. Et tãt q̃ en peu de tẽps

725 2457 1151 120 il fit grãt foison de chemin il deman-

721 2558 1151 105 doit a ceulx qͥ rencõtroit nounelle de

717 2647 1152 120 la dame. Et on luy disoit le chemin

717 2725 1144 135 q̃lle tenoit. Tant cheuaucha le tray

729 2845 1132 97 tre qͥl entra en une forez moult lõn-

701 2907 1164 143 gue et large. le grant chemin prist et

721 3027 1144 97 s efforca d aler. Si n eut gaires che-

713 3109 1144 100 uaulche que il aperceut la dame auec

709 3190 1144 112 blandimain. qͥ estoit au pres de la fõ

713 3271 1144 117 taine ou la dame s y estoit descendue

709 3361 1144 128 opur soy rafreschir et ung petit repo

709 3461 1148 136 ser. Car lassee et pesante estoit plai

697 3547 1148 124 ne de plours et gemissemẽs. de la des

705 3647 1148 124 tresse et courroux tres amere q̃lle suos

701 3733 1148 120 tenoit sur son cueur. dame dist blan

697 3826 1144 163 dimain resconfortez uoꝰ. L archeuesq̃

1977 472 1175 128 tira uers eulx et auisa la belle bellis-

1981 577 1163 113 sant. Mais elle ne le recogneut poĩt

1981 666 1156 117 de loing pour ce qͥl prtoit habit dissi

1973 759 1167 113 mule. mais quãt il approcha a bien le

1973 848 1160 113 cogneust. helas dit elle blandimain.

1973 922 1160 132 Or uoy ie uenir uers noꝰ le faulx hõe

1973 1031 1156 128 archeuesq̃ qͥ de mon exil est cause. las

1969 1128 1156 100 i ay trop grant paour qͥl ne me ueulle

1969 1213 1152 108 faire uillẽnie. Dame dit blãdimain

1962 1310 1159 101 n ayez de luy ne paour ne doubte Car

1965 1391 1156 117 s il uient pour uoꝰ faire ne mal ne des-

1962 1492 1155 120 plaisir ie metteray mon corps pour

1954 1573 1163 113 le uostre deffendre iusq̃s a la mort. A

1958 1666 1155 109 ces motz fut uenu l archeuesq̃ il mist

1950 1748 1163 112 le pie a terre et salua la dame le mi-

1946 1845 1167 116 eulx qͥl peult et dit tres chiere et hõ-

1942 1942 1167 108 nouree dame se tant est q̃ uoulez ma

1954 2019 1152 136 uoulente acõplir et croire mon cõseil

1942 2124 1164 124 ie feray tant que en peu de tẽps l ẽpe

1946 2198 1160 124 reur qͥ uoꝰ a dechassee sera de uoꝰ ueoir

1938 2302 1168 132 biẽ ioyeulx et cõtent. Et seres en uo-

1942 2399 1156 116 stre p̃mier estat restituee et mise en

1950 2484 1144 117 plꝰ grãde triũphe q̃ iamais ne fustes

1938 2577 1156 121 et pour tãt pẽses y. car ie le fais pour

1938 2659 1152 128 uostre grãt hõneur et proffit Ha dit

1931 2760 1155 108 la dame desloial et cruel auersaire de

1938 2849 1152 128 tout hõneur imperialle ie doy biẽ a-

1934 2938 1148 109 uoir cause de toy aimer et chier tenir

1934 3016 1148 127 Quãt par ton faulx mal as dõne a

1927 3105 1151 132 entendre q̃ ie suis miserablemẽt ador

1923 3217 1155 109 nee et plus q̃ ne fut oncq̃s poure ber-

1923 3302 1155 136 giere priuee de hõneur royal et ĩperi

1919 3395 1159 125 ale seigneurie. Tu m as mis a chemi

1923 3489 1144 108 de danger de user et finer mes iours

1919 3582 1152 127 en douloureuse destresse. car plꝰ n y a

1919 3671 1148 108 au monde dolente fẽme q̃ ie suis. da-

1915 3748 1144 124 me ce dit l archeuesq̃ delaisses telles

1915 3845 1148 151 parolles. par moy il ne uoꝰ peult que
