3952 5543
1298 637 2302 212 daultre part une grande praerie moult belle et plaisante a re

1298 766 684 180 garder et a ueoir.

744 655 554 582 Q

1294 951 2311 231 Uant les gens de lempereur Charlemaigne furent tous lo

1012 1224 2588 198 ueoir la force du chastel. Et quant Il eust bien ueue et regarde a son

1211 1136 2389 148 gez lempereur monta a cheual a pou de compaignie pour

979 1344 2630 184 aise Ilcommence a dire a luy mesmes. Ne dieu comment ce chastel

979 1464 2621 189 est ferme en fort lieu. Dieu comment ses cheualiers sceurent bien

975 1584 2616 180 le mestier de la guerre non obstant ce qu ilz sout Ieunes gens. Lors

979 1709 2612 180 dist a ses gens. Beaulx seigneurs pencez de bien guerroyer car noꝰ

970 1819 2635 190 ne sommes pas si tost a repaire comme Ie cuidoye. Quant les pauil

975 1935 2616 189 lons du roy furent tenduz Il fist mectre une escherbuscle moult ri-

975 2060 2621 184 che au plus hault de sa tente qui reluisoit comme une torche ardant

975 2180 2621 189 Et une pomme dor de moult grant ualeur. Et quant Ilz furent ache

970 2323 2626 152 uees de tendre lempereur Charlemaigne y entre et fist armer le duc

970 2415 2621 185 naymes et luy dist que nul homme ne fust si hardy de monter a che-

970 2531 2630 198 ual de huyt Iours si non que ce fust pour soy esbactre. Car Je ueulx

970 2665 2616 175 faire assauoir par nostre royaulme que lon nous amene des uiures

970 2771 2607 185 a grant habondance auant que le chastel de montenfort soit par noꝰ

975 2886 2611 204 assailly. Et faictes ma chappelle appareiller affin que nous prions

1271 3034 2311 162 dieu qͥ nous doint uengence des quatre filz aymon que nous

1261 3127 2307 226 affamerons deuant ung moys ainsi que Ie croy. Car Ilz

1243 3261 1373 194 ne pourront auoir uiures de dehors.

1169 3492 2417 166 Ors dist le duc Naymes a l empereur Cͥharlemaigne. Sͥire

961 3602 2611 194 uous poues myeulx faire sil est uostre plaisir. Prenes ung messagier

956 3727 2616 176 et lenuoyez a regnault qui uous rende Richart son frere et uous luy

956 3852 2626 166 quicteres toute sa terre. Et se Il uous rend faictes luy Incontinent

942 3958 2635 185 oster la teste. Et se Regnault reffuse a faire ce que dit est Il s en peut

952 4078 2620 171 tenir seur que Iamais guerre ne luy fauldra tant comme Il sera en

961 4198 2607 167 uie. Adoncques respondit lempereur charlemaigne uous dictes bien

942 4323 2630 222 et moult saigement. Mais Ie ne scay ou trouuer le messagier en qui

628 3367 518 295 L
