3986 5564
988 551 2617 209 de mon feu pere. Maintenant wous laisserons a parler de ceulx dai

988 681 2594 190 gremont qui sont en grande lamentacion et pleur poͬ la mort de leͬ

1396 825 2190 181 seignͬ. Et retournerons au traictre griffon et a son filz

1424 927 2176 208 guenes qͥ auecq̃s leurs gens sen furẽt retournez a paris

699 790 600 563 C

1002 1298 2603 181 quilz eurent tue le duc benes daigremõt Ilz s en retournerẽt a paris

1299 1168 2306 195 Ominent griffon de haulte fueille. Et guenes. Apres ce

1006 1414 2604 171 et conterent au roy charlemaigne la mortelle traison quilz auoient

1002 1520 2598 195 c[]mmise. Dont le roy en fut moult Ioyeulx. Mais puis apres Il en

1006 1632 2594 199 fut marry et dolant. Car apres luy firent moult grant guerre les

1002 1771 2598 185 deux freres du duc benes d aigremõt. Girard de rossillon. Et dron

1002 1877 2598 195 de nantuel. Et aussi maugis son filz. Et puis firent paix et acord

997 1993 2603 190 Mais le roy nappointa point aux quatre filz aymon. Ne a maugis

1002 2114 2603 181 leur cousin. Il em parle le dit chappitre comment regnault tua le

997 2262 2608 167 nepueu du roy charlemaigne dung eschacquier ainsi quilz Iouoient

1002 2346 2594 190 aux esches eulx deux dont la guerre commẽca. Laquelle fut si mor

997 2489 2589 186 telle comment uerrez apres. Et dura si longuement quil porta grãt

1243 2591 2005 191 dommaige au royaulme de france perpetuellement.

965 2939 2621 181 ter le uoulez. Ce fut a la feste de penthecoste apres l ascencion que le

590 2572 668 676 P

1285 2828 2306 195 Ourres oyur desormais terrible et piteuse chancon si escou-

965 3078 2617 163 roy charlemaigne tint grant court a paris apres ce quil eut acorde

969 3190 2613 176 auecques les freres du dit benes d aigremont. Et a la dicte feste fu-

960 3292 2613 199 rent uenuz. Guillaume l angloys. Gallerant de boullon quĩze roys

960 3435 2613 167 et trente ducz et bien  .lu. contes y eust ce Iour pour charlemaigne cou

960 3542 2608 171 ronner. Et aussi y estoit uenu le duc aymon de dordon auecques ses

955 3653 2613 200 quatre beaulx filz. Regnault. Alart. Guischart. Et richart. Au

960 3769 2603 195 quel duc aymon dist le roy. Aymon dist Il I ayme bien uous et uoz en

960 3890 2599 194 fans. Saiches que Ie ueulx fere du beau cheualier. Regnault mon

955 4006 2613 190 seneschal. Et les aultres me seruirõt de pourter mes faulcons. Et

955 4131 2608 204 daler en gibier auecques moy. Sire dist le bon aymon moult grant

955 4237 2604 330 mercy du bel office que uous me faictes a moy et a mes enfans. Et
