3963 5539
789 946 370 420 P

937 678 2577 194 res que nous luy prions que pour cest acord faire se uueille deuere

942 821 623 189 le roy emploier.

1233 1061 2297 152 Uis quant les messagiers eurent bien au long entendu ce

933 1297 2600 147 les trois ducz freres. Si monterent a cheual chescun deulx portant

1205 1158 2319 185 quilz deuoient dire et exposer au roy charlemaigne de par

933 1412 2595 157 rames doliuiers en leur mains en signe de paix. Et ne cesserẽt de che

942 1537 2577 157 uaucher Iusques a ce qͥlz furẽt deuant le tres du roy charlemaigne.

928 1643 2600 171 Lors parla ung cheualier nõme messire estienne saluãt le roy par ce

928 1763 2600 171 ste maniere. Celluy dieu qͥ forma noz pere et mere adam et eue crea

937 1883 2587 180 teur de toutes choses benoise uous roy charlemaigne. Saiches que de

928 2003 2600 175 par le duc Girart de rossillon Benes duc d aigremõt et Dron denã

937 2123 2587 161 tuel qͥ sont cy uenus lesquelz sire uous criẽt mercy et requerẽt pardõ

937 2257 2587 143 de par nous poͬ la mort de uostre filz lohier de laq̃lle sont moult do

937 2377 2591 152 lans et courroucez et tres grandemẽt leur en poise. Et uous fait dire

928 2483 2586 161 le duc d aigremõt de par nous que si uostre uouloir et plaisir est de luy

928 2598 2600 171 pardonner la mort de uostre dit filz lohier qͥl deuiẽdra uostre homme

928 2714 2596 170 liege. Et luy et ses freres Girart de rossillon et Dron de nãtuel les

942 2861 2586 139 quelz uous uiẽdrõt seruir a tout dix mille cõbactans en quelque lieu

933 2954 2600 184 qͥl uous plaira les emploier. Sire poͬ dieu ayez souuenãce que dieu

937 3074 2591 189 pardonna sa mort; et a longis qui cruellemẽt le naura et frappa au

1260 3194 2273 166 coste destre de sa lance et qui uous plaise leur pardonner uo-

1251 3318 2227 171 stre mal talant. Car de ce tres humblement uous supplient.

1233 3554 2281 180 Uãt le roy charlemaigne a ainsi ouy parler les messagiers

1237 3701 2287 120 des trois freres Il fronca le front et ẽbrouche les yeulx

937 3794 2577 175 et tout le uisaige. Et a celle heure ne leur respondit aulcune chose.

942 3918 2577 167 Puis ung peu apres cõmẽca a parler en ceste maniere. Par ma foy

933 4043 2595 143 dist Il messire estienne bien eut perdu le sens le duc benes quãt si uil

933 4158 2591 153 lainemẽt occist mon chier filz lohier q̃ tãt Iamoye. Or est Il mon hõ

933 4274 2600 166 me uueille Il ou non. Sire dist estienne Ie suis certain qͥl uoꝰ fera

928 4394 2596 217 toute raison au dit de uostre bon conseil. A donc dist le roy de ce nous

651 3535 545 286 Q
