4026 5584
88 2123 630 654 L

484 558 2597 172 et diuerses matieres lesquelles pourront uoir ceulx qui liront ce pre

484 688 2597 158 mier chapitre lõg a long. Et uerrez par le premier chapitre commẽt

474 795 2602 163 ap̃s ce q̃ le roy charlemaigne fust uenu des parties de lõbardie la ou

484 926 2592 167 Il auoit eu grãde et merueilleuse Iournee a lẽcontre des sarrazĩs Il

479 1047 2611 172 tint par une feste de pẽthecostes court planiere a paris la ou Il eust

474 1167 2597 173 moult belle cõpaignie de pͥnces et barons cõmẽt uerrez ap̃s au long

484 1312 2587 130 Et en ces mesme chapitre pourrez uoir cõmẽt celluy Ioͬ le duc aymon

465 1409 2616 154 de dordõne amẽa ẽ court ses quatre filz Regnault Alart Guichart

460 1526 2611 163 et Richart. Et cõmẽt le roy les fist cheualliers de sa ꝓpre maĩ aussi

465 1647 2606 163 cõmẽt le duc benes daigremõt occist lohyer le filz heyne du roy char

470 1786 2597 140 lemaigne leq̃l duc benes estoit oncle des quatre filz aymõ. En ap̃s

460 1889 2607 172 cõmẽt le duc benes daigremõt fust occis uenãt a paris par le mãde-

470 2038 2597 139 mẽt du roy charlemaigne apres qͥl auoit apoĩte de la mort de son filz.

642 2145 2415 177 Au p̃mier chapitre lon pourra uoir plusieurs aultres belles

763 2275 2294 135 matieres lesq̃lles seroiẽt trop lõgues a racõter en ce p̃ãbulle

758 2391 335 135 de liure.

767 2480 2300 186 E secõd chapitre parle cõmẽt griffõ de haulte fueille et gue

754 2615 2303 172 nes ap̃s ce qͥlz eurẽt tue le duc benes daigremõt Ilz sentout-

470 2731 2601 168 nerẽt a paris et cõpterẽt au roy la mortelle trahisõ qͥlz auoiẽt cõmise

460 2857 2611 172 dõt le roy en fust moult Ioyeux et puis ap̃s en fust marry et doullãt

460 2978 2607 172 Car puis apres luy firẽt moult grãt guerre les deux freres du duc

465 3099 2597 167 daigremõt girad de rossillõ et dron de nãtuel et aussi maugis le filz

451 3234 2611 148 du duc benes et puis firent paix et acort mais le roy napointa point

465 3350 2592 167 aux quatre filz aymõ ne a maugis leͬ cousin. Item par le cõmẽt reg

470 3462 2592 176 nault tua le nepueu du roy charlemaigne dũg escheqͥer aĩsi qͥlz Iou

744 3597 2318 158 oient eulx deux aux eschez dõt la guerre cõmeca laq̃lle fust

758 3722 2304 163 si mortelle et dura si lõguement qͥl pourta grant dõmaige au

740 3843 740 140 reaulme de france

730 3936 2327 168 U tiers chapitre parle cõmẽt ap̃s ce q̃ le roy eust fait foriu

740 4071 2313 149 rer a toꝰ ses barõs les quatre filz aymõ et mesmemẽt au duc

456 4188 2592 176 aymõ leͬ pere Il les ala affiger a mõtẽfort ou charlemaigne fut des

460 4322 2588 187 consist par deux fois mais puis le chastel de montẽfort par trahisõ

97 3552 651 705 A

2792 4443 256 201 . a. iii.
