2017 3109
254 266 326 332 P

583 272 1055 101 Our entamer donques cest oeuure il est tout

557 326 1068 109 notoire a tous bons, ⁊ urays catholiques de

570 404 1047 80 mettre ⁊ rediger par escript a la memoire per

565 466 1050 93 petuelle des crestiens, les faites ⁊ urayes pa-

536 525 1076 96 roles ensembles les u̾tueuses oeuures ⁊ faitz

235 575 1380 116 de nostre benoist sauueur ihũ crist ⁊ des saĩs apostres furent

233 647 1376 106 esleuz quatre preudhõmes d entreulx plaĩs de uerite ⁊ uer-

228 702 1369 111 tu pour faire cestuy saint mistere qui se nõment euãgiles ꝑ

230 774 1377 114 les escriptures lesquelles la uraye ⁊ saĩcte foy catholique

228 842 1374 101 est tenue en lumiere ⁊ corroboree ⁊ sera iusques a la fin des

225 896 1379 117 siecles. Asembla donques pour uerifier ⁊ mettre en auant

217 961 1382 114 les parolles ⁊ auctoritez des fẽmes de iadis affĩ aussi de les

220 1038 1364 99 non perdre ne tellement esuanouir que la memore ne puis

220 1101 1374 90 se estre fresche et recite entre celles du temps present et de

209 1150 1388 114 celui ont este trouuees six matrones saiges qͥ prudentes a re

204 1228 1382 98 citer ⁊ lire les ď euangilles des quenouilles en la maniere qͥ

199 1290 1395 96 ci ap̃s sera declare ⁊ pour ce q̃n tout tesmoĩgnage de uerite il

199 1357 1387 101 cõuient trois fẽmes pour deux hões pour faire ⁊ acõplir dõ

199 1417 1385 109 ques le nombre des ď quatre euãgelistes il conuient q̃ six fẽ

199 1484 1382 96 mes aient este ẽpeschees de faire cestui oeuuvre pour plꝰ grã

199 1533 1390 114 de approbation de uerite desq̃lles les nõs s en suiuẽt La p̃mi

197 1616 1392 99 ere fut nõmee dame ysengrine du glay; la secõde se nõmoit

197 1673 1384 112 dame trãseline du croq. la tierce eut nõ dame abũde du four

197 1728 1379 116 la quarte eut nom dame sebile des marestz la quĩte eut nõ

194 1798 1312 98 dãc gõberde la fee. la quĩte eut nom dame berthe cornue

189 1875 1384 91 Les six dames furẽt si tres sages en leur tẽps q̃ ce s eust este

191 1937 1369 101 pour cõiurer ung noir dyable ou pour le lier dessꝰ ung cõs

191 1992 1377 106 sin si estoient elles asses expertes ⁊ abilles. Qui fut la

186 2057 1377 101 premiere fẽme qui mist auãt ces euãgilles. Et cõment le cõ

189 2119 1210 119 poseur de ce liure fut contraint de faire ceste oeuure

186 2259 213 177 S

391 2256 1182 99 Elon q̃ ie trouue es ãciens registres ces euãgiles

396 2329 1169 93 furent cõmencees des les premier ⁊ secõd aage du;

399 2393 1164 96 mõde au tẽps que regnoit le puissãt roy zoroastes

181 2443 1387 145 qui fut le premier qui trouua l art de nigromãci le quel art
