2017 3109
233 269 1389 88 enfãs qui uiẽnẽt de tel mariage iamais en ce mõde ne uien

241 331 1376 93 dront riches ⁊ siseront uoulentiers mẽteurs Le u. ch.

360 411 1260 78 Mes amies ie uous dis pour uerite qͥl n est douleur ne

241 468 1379 81 angoisse ꝑeille a celle fẽme porte quãt son mari ua autre ꝑt

243 533 1374 75 porter ⁊ dõner sa substãce ⁊ specialemẽt quãt les biẽs uiẽnẽt

241 588 1376 88 de par elle Glose. Pour certaĩ dit une uirille qͥ estoit

243 660 1377 75 nõmee flourette la noire. Celui qͥ rõpt son mariage ꝑ adulte

238 725 1353 93 re est moĩs a priser que ung iuif ou sarrazin car il est ꝑiure

762 790 417 83 Le xui. chapitre

365 844 1252 83 Fille qͥ ueult scauoir le nõ de son mari aduenir doit tẽ

238 906 1382 96 dre deuant son huis le p̃mier fil qu elle fillera celui iour ⁊ de

235 971 1382 83 tout le p̃mier hõe qͥ par illec passera scauoir son nõ. sache

238 1038 1371 86 que tel nõ aura son mari; Glose. A ce mot se leua l ũe des as

246 1114 1376 72 sistentes nõmee gessine fẽme de Iehã le bleu; ⁊ dit que ceste

238 1171 1384 75 dite chose se auoit esprouuee  ⁊que aĩsi lui en estoit aduenu dõt

238 1228 1382 85 elle mauldissoit l heure d auoir trouue tel mari qͥ toute coul-

233 1300 1374 86 leur ⁊ beaulte auoit ꝑdue, ⁊ si estoit si mauuais mesnager q̃

233 1357 1387 80 autre chose ne pouoit faire que dormir Le uii. chapitre

241 1435 1379 78 Quãt fẽme porte enfãt ⁊ on ueult scauoir selle aura filz ou

233 1492 1389 80 fille on doit mettre en dormãt sur sa teste du sel si souefment

228 1546 1384 93 que poĩt ne le sache ⁊ ap̃s en deuisant a elle saches quel nom

230 1627 1390 69 elle nõmera selle nõme ung hõe ce sera ung filz ⁊ selle nõme

235 1691 1380 78 fẽme sera fille G̃lose; Ceste mesme chose m aduĩt quãt por

230 1743 1382 83 tois ma fille lile tẽpremeure dist grelle du solier ⁊ le me fist

233 1816 1382 77 ⁊ aprĩt ma tãte qui estoit fort anciẽne ⁊ moult renõmee en di

222 1883 229 70 uers ars

907 1870 467 83 Le uiii. chapitre.

349 1935 1266 80 On ne doit poĩt dõner a ieunes filles a mẽger de la te

230 2005 1387 78 ste d ũ lieure affĩ qu elles marries ou enceintes n y pensẽt. car

222 2064 1273 91 leurs enfans en pourroient auoir les leures fendues;

225 2134 1390 83 Glose D̃ist tãtost margot des bledz tout ainsi en aduint

230 2199 1382 78 il a l ũe de mes consines. car pour ce qu elle en auoit mẽge sa

233 2261 1382 99 fille dõt elle estoit enceĩte en apporta sur terre quatre leures

928 2334 352 70 le ix. chapitre

282 2380 1340 86 On ne doit poĩt aĩsi laisser mẽger aux ieunes filles a mẽ

246 2456 1371 173 rer de teste de moutõ de creste de coq ne d ãguilles affĩ q̃lles
