2017 3109
191 266 1377 96 qui lui porteroit le petit boyau iusques au chief il en auroit

189 334 1234 75 lõgue uie. doulce alaine bonne uoix. ⁊ gracienx ꝑler.

181 391 1374 85 Le .xiiii. cha. Ie uous asseure aussi uray que l euãgille

189 463 1369 75 que pour faire auoir aux enfans cheueulx crespes tãtost a

189 523 1369 85 pres qͥlz sõt nez ⁊ deuestꝰ d ung pelãcule qͥlz aportẽt du uen

189 588 1366 77 tre de la mere il cõuiẽt lauer leur chief de uin blãc. ⁊ en leur

189 647 1366 88 baĩg soit mise la racine de blãce uigne. glose; Dãe hermo-

191 712 1361 80 frode dist en corroborãt le texte q̃ qͥ feroit sechier ꝑ .ii. enfãs

186 779 1369 81 ieunes ⁊ beaux laubete d ũg petit ẽfãt sur la poĩte d ũe espee

189 839 1366 78 trẽchãt q̃ l ẽfãt sera toute sa uie beau et hardi ⁊ biẽ uenu en-

186 896 1359 93 tre les nobles Le .xu. chap. Or ẽtẽdes biẽ uoꝰ toutes qͥ

184 968 1366 86 ci estes p̃sẽtes ie uoꝰ auertis q̃ iamais on ne doit tirer espee

189 1033 1363 86 ne autre lõg trẽchãt deuãt fẽme grosse q̃ p̃mier q̃ riẽs s en fa

189 1093 1366 91 ce ne luy ua doucemẽt couchier du plat sur sõ chief affĩ qu el

189 1163 1363 85 le demeure asseuree ⁊ que sõ fruit en soit toute sa uie plꝰ har

186 1225 1366 75 di; Glose Perõne bouette dist que pour ce qu õ ne fist point

186 1285 1366 93 aĩsi a sa mere quãt on la portoit elle a este ⁊ est ẽcore si paou

189 1344 1356 86 reuse que noze coucher seulle sans ꝯpaignie d hõe. Le .xui;

191 1409 1361 93 chap. Ie uous dis aussi uray que l euangille que ieunes fil

186 1479 1366 88 les ne doiuẽt poĩt menger de cerises a la derraĩe auec leur a

189 1546 1363 78 moureux car souuẽt aduiẽt que celui a qui uiẽt la derraine

186 1601 1361 83 demeure est la derniere de toutes a marier; glose; Dãe sebi

184 1668 1368 83 le des mares dist que les filles ne doiuent poĩt mẽger a ca-

186 1733 1364 83 chõs leur potage auec leur amoureux car ꝑ coustume adui

186 1805 1364 73 ent souuent que leurs maris ont acoĩte apart, ⁊ nõ pas les

189 1862 1358 83 fẽmes. Le .xuii. chap̃. Encor uous di que dieu ⁊ raisõ de

189 1927 1358 80 fẽdent le parler deuãt aucũe fẽme mariee en aage de porter

189 1994 1348 86 enfãs ou qui est enceĩte de quelcõque chose pour menger q̃

178 2062 1367 83 pour le p̃sent ⁊ a besoĩg ne s ẽ pourroit trouuer affĩ que l en-

191 2124 1359 75 fãt qu elle a n ẽ aporte enseigne sur sõ corps. glose. Dãe a

186 2181 1361 83 bũde du four dist que ꝑ ruer au uisage de fẽme qͥ porte ẽfãt

189 2241 1356 90 aucũes cerises ou uĩ u̾meil l enfãt en aportera sur soy aucũe

184 2305 1363 86 enseigne. Le .xuiii. ch. Saches que hõe qͥ se double en ma

186 2375 1361 81 riage est ĩhabile de ꝑuenir a dignite, ⁊ se sa fẽme lui faisoit

189 2437 1363 94 le ꝑeil cas sãs faulte il seroit cãe de l ũ ⁊ de l autre mal ⁊ elle

189 2502 1363 127 deueroit estre iugee qͥtte sans punition. glose Dame ysoree
