2017 3109
267 259 1366 101 amoureusemẽt me requist que son secretaire uoulsisse estre;

261 318 1369 112 ⁊ pareillemẽt de toutes les autres Et quelles me feroient

248 383 1372 98 guerdonner ꝑ aucũes d elles des plus ieunes ⁊ a mõ chois-

243 448 1374 109 duques guerdon ie les remercie ⁊ dont de siame trẽs pour cõ

235 512 140 91 tent

215 702 1210 111 descriptiõ de dame ysengrine du glay ⁊ qui elle fut

598 647 1011 93 Ordonnace de la premiere iournee ⁊ de la

435 899 1149 108 E lũdi au soir entre sept ⁊ huit heures apres soupꝑ

233 913 199 188 L

435 963 1154 101 s assemblerent les dictes six dames ensemble ⁊ tou

430 1015 1159 122 tes les uoisines qui acoustume auoient dy uenir ⁊

207 1088 1377 101 plusieurs autres qͥ y furẽt ĩuitees qui encor n y auoiẽt este a

204 1142 1380 109 ouir le mistere qui illee e deuoit faire. Dame ysengrine

204 1204 1374 109 du glay y uĩt acõpaignee de sa cõgnoissãce qui toutes apor

186 1266 1387 114 terẽt leurs q̃noilles leurs fizeaux estãdars happles ⁊ tou

191 1339 1380 109 tes agoubilles seruãs a leur art. ⁊ a bref parler se sembloit

191 1399 1377 114 a ueoir ung droict marche ou l en ne uendoit que parolles ⁊

184 1469 1379 103 raisõs ⁊ diuers ꝓpos de pou d effect ⁊ de petite ualeur. le sie

186 1533 1372 104 ge de dame ysengrine estoit p̃pare a ung coste ung pou plꝰ

184 1590 1374 112 hault que les autres ⁊ le miẽ de coste elle deuãt moy ung rõ

184 1658 1371 103 deau ou estoit assise une lãpe d huille pour enluminer sur

184 1712 1363 114 mõ oeuure ⁊ toutes les assistentes auoient tourne leurs ui

178 1785 1372 106 saiges ou regarde dame ysengrine. laquelle ap̃s licẽce obte

173 1852 1359 98 nue cõmenca a parler aĩsi. Mais auant que ie cõmence a

173 1912 1369 103 escripre ses chapitres ie uueil dire la genealogie d elle. Da

168 1976 1369 101 me ysengrine estoit aage de .lxu. ans ou enuirõ belle fem

165 2044 1367 98 me auoit este en sõ tẽps mais elle estoit fort ride les yeulx

163 2108 1364 99 auoit enfonssez ⁊ et aucunemẽt les paupieres reuerses yeulx

158 2171 1369 101 rouges ⁊ larmoyans. Cinq maris auoit eu sãs les acoĩtes

158 2233 1369 111 de coste. elle se mesloit en la uielesse de recepuoir les enfans

150 2290 1379 171 nouuellem̃t nez, mais en sa uielesse de receuoir les grãs en
