2043 3119
418 262 1378 117 la courte dit sur ce pas q̃ fẽme qͥ ueult sõ mari point ne se

421 327 1372 109 desuoye auec aultres fẽmes si face ꝑ trois lũdis chãter mes

436 397 1367 117 se de saĩte auoye ⁊ ie uoꝰ dy pour certaĩ q̃ les dames de pa-

431 475 847 89 ris en entretiẽnent aĩsi leurs maris.

1403 467 413 89 Le .xix. chapitre.

434 519 1377 122 Quant on baptise aulcũ enfant soit filz soit fille se la fille

431 597 1354 102 a deux parẽs elle aura .ii. maris ou plꝰ ⁊ aussi se le filz a .ii.

439 660 1375 114 marreines ⁊ il uit aage d hõe il aura .ii. fẽmes glose. Certai-

434 717 1385 125 nemẽt dist ãpelũne huq̃tte ie doy biẽ mauldire l heure q̃ guillĩ

436 787 1380 104 mõ mari n eut oncq̃ tãt car il a trois fẽmes sans les acoin-

434 870 514 91 tes que point ne scay.

1180 852 493 101 Le .xx. ; chappitte.

582 917 1242 101 Quãt on uoit les petis enfãs courir ꝑmi les rues a

436 977 1386 109 cheuaulx de bois a tout lãces ⁊ desguises ꝑ maniere de gẽs

439 1039 1388 117 de guerre. c est signe de auoir guerre bientost au pais ⁊ di scẽ

436 1115 1391 101 tion Glose Perrine hulortore dit sur ce pas que quãt les

439 1182 1396 107 petis enfãs portẽt banieres ⁊ cõfanõs en chãtãt par les ru-

441 1252 749 94 es c est tout signe de mortalite

1432 1242 400 86 Le .xxi. chapit.

569 1307 1268 109 Se fẽme ueult certainemẽt scauoir se son marise dou-

439 1372 1396 101 ble aduise se une plaine lune se passe sans a elle atoucher;

441 1432 1399 109 ⁊ s il y a suspectiõ ce n est pas sans cause glose Ceste euã

444 1507 1398 99 gille est uraye dist maroye ploiarde, car il y a plus de trois

439 1567 1398 112 lunaisõs que iehã ploiard mõ mari ne fist ne coup ne quoy,

444 1637 829 104 ⁊ si suis encore fẽme pour endurer

1416 1645 341 83 le .xxii. cha;

532 1699 1318 97 On ne doit point dõner aux fẽmes grosses a mẽger de

449 1762 1404 96 nulles testes de poissõs affĩ que ꝑ leur imaginatiõ leur fru

449 1819 1401 114 it n apporte sur terre la bouche plus releuee ⁊ plus ag e qu il

452 1886 1406 102 n est de coustume. glose Perrette faitos sage fẽme dist qu el

452 1954 1401 94 le auoit receu plusieurs enfãs qͥ auoiẽt leur debout plꝰ lõg

470 2040 712 78 oultre mesure que les autres

1491 2035 377 78 le .xxiii. chap.

457 2087 1401 106 Se d aduãture ung hõe bat sa fẽme enceĩte ou la pile du pie

457 2154 1404 89 lors quãt elle ẽfantera moult grãt trauail en aura ⁊ biẽ sou

460 2209 1401 112 uẽt les en cõuient mourir glose. Dame hermofrode dist

462 2279 1401 96 que a ce n a aucũ remede, fors qͥl cõuiẽt auoir le soler dõt le

470 2341 1396 97 mari la pila ⁊ qu elle boiue a mesme ⁊ se aĩsi le fait tãtost

470 2419 257 76 enfãtera

1198 2425 483 72 le .xxiiii. chapitre

465 2471 1406 104 S il aduiẽt que aucũe ꝑsõe eniãbe par dessus ung petit cu

470 2536 1398 138 fant saches que iamais plus il ne croistra, se celui ou celle
