2017 3109
261 251 1356 85 Ie uous dis pour euangille que quãt aucũ se met a chemĩ

264 308 1348 93 ⁊ ung lieure lui uiẽt au deuãt c est tres mauuais signe Et

269 388 1343 73 tous dãgiers euiter il doit par trois fois soy retourner dõt

261 437 1354 91 il uiẽt ⁊ puis s en aller son chemĩ alors seroit il hors du peril

259 500 1358 90 glose A ceste parolle se leua maroye la fee ⁊ dit tout hault

264 562 1351 93 que cestui chapitre estoit tres ueritable car sõ parastre auoit

267 637 1353 83 rõpu la iãbe au cheoir de sõ cheual; ap̃s qu il auoit rencõtre

267 689 1342 101 ung lieure mais qui rẽcontre ung loup, ung cerf, ou ung

261 764 529 88 ours c est tres bõ signe

1031 764 407 80 le .iiii. chapitre

331 813 1276 93 Oncques hõe sage ne mõta sur asne pour l õneur de no

261 883 1341 91 stre seigñr qui dessus monta. mais trop biẽ sur cheual car qͥ

261 945 1312 91 chiet de l asne il dit crieue ⁊ qui chiet du cheual il dit lieue.

254 1013 1355 82 glose Sur ce pas ung argumẽt se peult faire car quãt io-

261 1072 1338 91 seph mena la uierge marie en egypte elle mõta sur ung as

261 1134 1336 96 ne ⁊ touteffois n ẽ eut nul gref; Respõdit dãe sebile du fos

256 1202 1351 90 se qu ẽcor n auoit poĩt ihũ christ mõte sur l asne cõe il fist de

256 1269 1341 88 puis. Replica une anciẽne nõmee perette du trõpunsis q̃

256 1326 1312 91 si auoit ⁊ que nostre dãe l ẽporta auec elle mõte sur l asne

251 1391 1364 93 Pour cest argumẽt sourdit grãc noise entre []outes les assi

254 1453 1363 96 stẽtes ⁊ tellemẽt que les unes soustenoiẽt le texte de ceste e

259 1513 1358 90 uangille ⁊ les autres soustenoiẽt la glose ⁊ si grãt clameur

261 1588 1354 90 fut ẽtrelles qu õ ne scauoit a qui entẽdre a qui entẽdre T̃outeffois dãe

254 1645 1355 96 ysengrine cõe p̃sidẽte pour celle nuitee leur ĩposa silẽce; af

259 1707 1356 106 fĩ que peust en paix sa lecture p̃faire. laquelle chose obtĩt a

267 1792 427 81 tres grand peine

969 1772 503 90 Le cinquiesme chap̃;

331 1834 1286 98 Mes uoisines pour muer ꝓpos et abaisser uos debas ie

261 1906 1351 86 dis pour euãgille que se une fẽme lui Ie sõtrepie ou sõ gril

256 1969 1359 88 sur le feu sans y mettre baston. saichez qu elle en enueillist

261 2036 1354 91 fort ⁊ en a le uisaige ride. Glose. Dit l une des fileresses

256 2095 1359 94 nõmee piate au longnes que qui s en ua coucher sans remuer

259 2168 1358 80 le siege sur quoy on c est dechausee il est en dãgier d estre cel

254 2225 858 91 le nuit cheuauche de la cauquemaire

1130 2225 254 83 Le .ui. chap

295 2287 1307 93 Qui laisse de nuit une selle ou ung trepie les piedz dessꝰ

261 2352 1356 88 autãt ⁊ aussi lõguemẽt est l ẽnemi a cheual dessus la maisõ

285 2412 1335 88 Glose. Certes dit ysoree la tẽprĩe que sa grãt mere disoit

269 2476 1348 140 que autãt de grãs diables sõt assis dessus chascun se ainsi
