2043 3119
415 259 1383 104 ne choiẽt du malsaĩct lop ꝑ derriere. Glose. Certainemẽt

402 327 1412 96 dist belete la courne c est ung tres grant dãger car pour ce que

405 397 1406 91 maniere en mẽga ie n ay eu trois taches qui comme ie croyia

408 460 1398 91 mais ne me fauldrõt. L ũe si est que souuẽt me laisse cheoir

418 525 1391 101 ꝑ derriere; la .ii. que ie heurte uoulẽtiers la .iii. qu il me croist

418 592 1393 91 au plus secret lieu de mon corps une chose en maniere de la

410 657 988 94 creste d un coq dont i ay grant uergongne

1481 660 322 72 Le .xii. chap̃.

480 714 1331 104 Ie uoꝰ iure cõe euãgille que quãt une iuene fille mẽgeut

421 790 1393 85 acoustumeemẽt laict bouilli en la paesle ou en ung pot de

428 860 1386 80 terre qͥl pleut uoulẽtiers le iour de ses nopces ⁊ si a uoulen

428 912 1381 104 tiers mari merencolieux ⁊ hoignart Et aussi ne fait elle

421 974 1388 99 pas d estre souuẽt crotee ⁊ mal paree glose. Dist dãe abũ

428 1050 1383 93 de a cest texte ne fault aucune expositiõ car rigle en est tou

428 1112 1373 91 te cõmune ⁊ iamais n y a faulte cõe il aparut a mes nopces

434 1193 688 70 ou plusieurs de uous furẽt

1232 1190 150 78 le .xi.

480 1239 1339 94 Pour aussi uray q̃ l euangille quãt une hõe couche auec sa

439 1309 1375 102 fẽme ou sa mie ayant les piedz ors ⁊ puãs il aduiẽt qͥl engẽ

434 1369 1382 94 dre ung filz il aura puãte ⁊ mauuaise alaine ⁊ se c est un fil

431 1442 1385 83 le elle l aura puãte par derriere Glose Marroye ploiar

428 1502 1391 86 de dist sur ce chapitre qu de sa cousine germaine en aduĩt aĩ

436 1577 1378 81 si car ꝑtout ou elle alloit rendoit une odeur si puãte de son

436 1642 1383 86 derriere que les assistens en estoupoiẽt leur nez; mais ne sca

444 1710 580 73 uoient qui en estoie cause

1304 1699 429 81 le .xii. chapitre

506 1759 1316 99 Pour aussi uray q̃ l euãgille quãt ung ieune hõe puceau

434 1824 1385 88 espouse une ieune fille pucelle le p̃mier enfant qu ilz aurõt

436 1892 1383 85 est de coustume fol glose Berthe l estroicte sur ce chapitre

436 1957 1386 85 dit que aĩsi estoit nagueres aduenu aucũe de ses filles quel

441 2024 1378 83 le auoit marie au porchier de sõ hostel car il cõuiẽt que pour

439 2092 1380 78 la p̃miere nuit en leur enseignast cõmẽt ilz deuoiẽt faire dont

441 2162 1375 86 est aduenu que leur p̃mier filz est fol ⁊ pur ĩnocẽt le xiii. ca

441 2219 1378 89 Mes uoisines ⁊ ꝯpaignes ie uous dis que quãt l ẽfant est

436 2279 1386 86 nouueau ne ⁊ auãt qͥl succe la mamelle son lui donne a men

441 2357 1378 73 ger d une põme cuite iamais ap̃s toute sa uie il n en sera si sa

447 2425 1372 80 fre ne gourmant a table en boire ⁊ menger ⁊ si en sera plus

444 2484 1055 78 courtois en faitz en parolles entre les dames.

1597 2487 229 74 Glose;

522 2550 1336 121 Maroye morelle dist sur ce texte q̃ quãt ung enfãt est ne
