2043 3119
595 259 1188 99 S ẽsuit la cõtinuatiõ des euãgilles faictes ⁊ leues

428 327 1365 112 par dame trãseline du croq pour le mardi en l hostel a heu

428 418 356 86 re acoustumee

639 447 1159 111 Dãt uĩt le mardi enuirõ cinq heures du uespres cõ

621 512 1172 98 mẽcerẽt uenir ⁊ assẽbler fẽmes tãt uielles cõe ieu

441 483 206 205 Q

644 582 1152 106 ne de toutes pars. car ilz auoiẽt ia publie que le

431 652 1372 99 lũdi auoit este fait ⁊ que le mardi se deuoit faire ꝑ dãe trãse

428 719 1375 97 line du croq fẽme biẽ renõmee, gẽtil fẽme ⁊ aagee de .lx.; ãs

431 777 1375 93 lõgue ⁊ maigre estoit en ses ieunes iours; auoit demoure a

439 847 1364 91 uec une dãe qͥ scauoit ꝑtie de l art de geomancie ⁊ rẽdoit rai

449 904 1362 109 sõs de plusieurs choses aduenir, auec laquelle prĩt madau

441 974 1362 104 gurie dõt depuis fut moult honoree. mais pour ce que ung

439 1034 1362 96 iour auoit mẽge sa soupe auec uenus faicte au chaulderon

434 1102 1372 96 d amours oncque puis ne cessa d excercer sõ seruice auec les

447 1167 1359 106 subiectz d icelle ⁊ en sa uielesse se estoit ralie auec le cure ď la

439 1237 1375 98 uille qui de nuit ⁊ de iour ouoit sa confessiõ pourquoy tou

444 1312 1255 75 tes celles de son uoisinage l auoiẽt en grant reuerence

439 1367 1372 98 Dame trãseline dõcques uenue entrelles salua toute la cõ

441 1424 1373 104 paignie. ⁊ ap̃s qu elle m eu[] demãde se ma plume estoit pre

434 1504 1099 97 ste d escripre cõmenca a parler en ceste maniere

964 1556 491 99 Le premier chapitre

527 1611 1289 99 Or dit elle mes bõnes uoisines en cõtinuãt nostre pro-

444 1694 1372 81 pos du soir p̃cedẽt ie prie que uous taises ⁊ ie uous dispour

444 1751 1370 86 aussi uray euãgille que quãt une fẽme ueult estre de sõ

444 1814 1375 101 ami biẽ aimee si lui face mẽger de l herbe de chat ⁊ il sera d el

444 1879 1375 88 le si amoureurs qͥl n aura aucũ repos se dẽpres elle n est hors

444 1944 1370 98 glose Ceste chose est certaine dit burge sauuele car aĩsi en

449 2014 1367 88 fis a mõ mari ⁊ lui en feis une sallade; mais cest amour ne

449 2084 1365 86 dura que six sepmaines ꝑquoy ie croy qͥl le fault souuẽt re-

444 2152 265 101 nouueller

979 2141 484 81 Le second chapitre

522 2198 1292 102 Et si uous dis qͥ pourroit finer d ũ uray mãdagoire ⁊ le

449 2269 1370 80 touchast entre blãcz draps ⁊ lui p̃sẽtast a mẽger ⁊ a boire .ii.

447 2339 1375 80 fois le iour cõbiẽ qͥl ne mẽge ne boiue. celui qui ce seroit de

441 2396 1378 83 uiẽdroite, pou d espace moult riche ⁊ ne scauroit cõmẽt. glo

454 2466 1360 81 se Dist iehãne la gasteliere on dit mais c est en taqͥnaig

449 2523 1006 128 que alexus du cornet est aĩsi deuenu riche

1499 2531 317 114 le .iii. chap;
