2017 3109
235 248 1377 91 mesmes ne raiãbe au cõtraire ⁊ retourne par dessus. Glose

235 308 1369 114 Certes dist sebille de ceste chose uiẽnent les nains ⁊ les peti-

235 378 332 85 tes femmes.

855 373 485 80 Le .xxu. chappitre

290 435 1291 96 Saches pour uray cõe euãgille q̃ se la chasse d une fẽme,

233 500 1364 98 ou fille se deslie en mi la rue ⁊ q̃lle le perde c est signe q̃ n a ia

233 567 1361 91 mais faulte q̃ sõ mari ou ami ne se deuoye. glose A ce mot

235 642 1359 75 laissa le fille une nõmee trãssie d amours ieune de. lx. uii.

228 689 1369 98 ans ⁊ dist qͥl n estoit chose se plus uraye q̃ ceste euãgille car des

230 759 1351 98 mercredi derrain passe ie ne ui mõ ami ioliet; pour ce qu en

235 836 1066 75 ce mesmes iour ie perdi mon gartier en la rue;

731 891 521 85 Le .xxui. chappitre.

228 943 1363 95 Et pour cõclusion mes amies ⁊ uoisines ⁊ pour mettre fin

233 1020 1364 83 a mes chapitres ie uous di que quãt une fẽme uiẽt le mal

238 1082 1356 86 des mamelles il ne luy fault chose si nõ que sõ mari luy fa

230 1139 1364 94 ce de sõ ĩstrumẽt naturel trois cereles ẽuirõ le malsãs aucũ

228 1202 1348 96 ne doub e elle en guarira. Glose. Saĩtine tẽpremure dist

235 1282 1354 73 qu õ doit ẽtẽdre ces trois cercles estre fais au bout du uen-

230 1329 1354 95 tre ung pou soubz la ceĩture. Toutes les assistẽtes cõmen

233 1399 1351 80 cerẽt mõlt fort a rire de ceste ioyeuse ꝯclusion. ⁊ mõlt fort

233 1469 1353 69 louerẽt la saige dãe ysẽgrine qͥ si haultemẽt auoit ꝯtinuee

238 1536 1351 72 son euãgille ⁊ deꝑti ꝑ .xxui. articles qͥ tous estoiẽt de grãd

230 1588 1364 88 sens ⁊ ꝓmirent qu elles mettroient peine de tãt repeter que

222 1652 1369 83 les scauroiẽt par cueur pour les publier ⁊ cõmuniquer a cel

220 1715 1366 85 les qͥ point n auoient este a ceste lecture Moult me fut bel

225 1779 1361 86 quãt dame ysengrine mist fin a sõ parler; car papier ⁊ chan

225 1844 1359 86 delle me faloiẽt auec sõmeil qͥ fort m auoit acueilli car pres

225 1914 1364 80 de minuit estoit si uoulut prẽdre d elles cõge. mais elles me

230 1979 1359 75 prierent auãt que ꝑtisse ie ueisse eslire celle qui a lendemaĩ

220 2044 1374 80 deueroit lire son euangille Si se meurent toutes ensẽbles a

222 2106 1367 75 cõseil ⁊ d ũ cõmun accord esleuerẽt trãseline du croq une an

225 2168 1366 78 cienne damoiselle laquelle prĩt uoulentiers la charge de ce

225 2235 1366 76 faire ⁊ me requist tres instãment en la p̃sence d elles toutes

225 2298 1369 75 que a ce besoĩg la uoulsisse seruir; ie lui ꝓmis ẽuis que uou

220 2362 1369 75 lentiers mais d une chose la requis c est qu elle uensist ung

222 2419 1372 91 pou plus tost que ce lũdi n auoiẽt fait. affĩ d euiter le trauail

225 2479 1040 155 de la nuit ⁊ le ueiller qui les yeulx trauaille

1252 2528 166 150 B. i.
