2043 3119
439 239 1359 109 sãs moult exꝑte fut en plusieurs ars Sõ mari estoit assez

439 298 1364 115 ienin duquel elle estoit fort ialouse ⁊ elle faisoit souuẽt grã

439 371 1367 109 des ꝯplaĩtes a ses uoisines touteffois licẽce cõe dit est obte

439 423 1367 115 nue ⁊ ꝯmẽca sõ euãgile. ⁊ prist sõ theume sur son mari en hon

454 522 247 83 gnãt ⁊ dit.

974 499 824 101 Ci cõmẽcent les chapitres de l euã

447 564 1008 103 gille dame ysẽgrine du glay pour le lundi.

509 631 1294 101 Mes ďďnes ꝯpaignes ⁊ uoisines il n est aulcũe de uoꝰ qͥ

447 701 1362 96 ne saiche q̃ ie prĩs mõ mari iosselin plꝰ pour la beaute q̃ pour

452 771 1359 91 sa richesse car poure ꝯpaignõ estoit ⁊ uela ie ne le uy ne hier

447 831 1369 94 ne au iourdui dõt i ay grãt douleur au cueur. Et certes il a

447 896 1367 94 grãt marche des biens q̃ mes maris ses p̃decesseurs ont ꝑ ci

452 956 1364 104 deuãt a grãde peine ⁊ douleur assẽbles, ie croy q̃ ce sera ma

447 1026 1362 89 mort. Et a ce propos ⁊ pour le p̃mier chapitre ⁊ dit pour aus

449 1091 1360 94 si uray cõe euãgille q̃ l hõe qͥ despẽt ĩdeumẽt les biẽs qͥ luy

452 1151 1362 94 uiẽnẽt de ꝑ sa fẽme ⁊ ãs gre ⁊ cõgie il en rẽdra cõpte deuãt

441 1224 1375 96 dieu cõe de chose ẽblee. Glose. Sur ce chapitre dit une an-

441 1291 1373 94 cienne mattrone nõmee grielle fẽme de iehã ioq̃ sus Certes

449 1351 1367 96 celui mari qͥ fait ꝯtre ce chapitre est mis ap̃s sa mort en pur

449 1416 1370 96 gatoire des mauuais mais en ung baing de souffre ardãt

457 1491 1359 84 s il n a fait sa penitẽce en ce mõde ꝑ les hospitaux le. ii.ca.

517 1541 1307 96 Il n est riẽs plus certaĩ que le mari qͥ ua au contraire de

447 1606 1369 99 ce que sa fẽme lui cõseille ⁊ ueult faire ⁊ qͥ la cõtredit de cho

449 1671 1367 101 se qu elle die il est faulx ⁊ desloyal ꝑiure. Glose. certes dist

452 1741 1359 94 onbaude du fosse i en ay ueu plusieurs miracles de ceulx qͥ

449 1801 1373 96 gõt trãsgresse ce chapitre ⁊ mesmes mõ parasatre se rõpit la

452 1881 1372 73 iambe pour ce qͥl n auoit uoulu croire le conseil de ma mere

444 1933 1380 86 Le. iii. cha. hõme qui sa fẽme bat pour aucũe chose que ce

460 1993 1362 96 soit n aura iamais de priere qu il face grace de la u̾ge marie

454 2061 1368 93 se p̃mieremẽt il n a pardõne a sa fẽme glose. Maroye ploy

457 2128 1367 89 arde dist sur ce chapitre que celuy qͥ sa fẽme fait au tel

460 2201 1367 75 peche cõe s il se uouloit soy mesmes deseperer car selõ ce que

452 2258 1370 86 i ay ouy dire a nr̃e cure ce n est que ung corps d hõe ⁊ de fẽme

454 2321 1378 83 acouplez ꝑ mariage. lciiii. chapitre hõe qͥ fait aulcũe

460 2383 1362 81 chose sãs qu il le dõne a cõgnoistre a sa fẽme ie uous di cõe

460 2438 1359 88 euãgile qͥl est en cõsciẽce pire que larrõ qui biẽ l oseroit dire

465 2513 1357 109 Glose. Les ãciẽnes matrones ont maintenu pour u̾ite q̃ les
