3322 4586
282 508 1124 103 Et aĩsi que le dit balaã aloit pour le mau

286 588 1116 99 dire sur son asne, lange de dieu suruint a

286 661 1116 107 lencontre tenãt une espee nue en sa main

286 737 1116 111 lequel faisoit semblant de le uouloir frap

294 814 1116 103 per et gardoit que lasne naloit auant. Ain

302 898 1100 114 si lange de dieu uint a marie pour lui an-

298 974 1112 122 noncer que toute malediction seroit tour-

294 1062 1120 103 nee en benediction, et que par elle toꝰ mau

302 1119 1104 123 uais seroient frappez en empeschez de non

298 1203 680 107 nuire aux bons crestiens

389 1360 941 134 Commen la uierge marie fut nee

290 2961 272 294 A

558 3007 867 107 Ux chapitres deuant ditz nous

561 3080 864 107 auone ueu comme la natiuite de

561 3160 864 111 la uierge marie a este figuree et

332 3248 1097 80 demonstree. Et maintenant nous fault

328 3301 1101 111 ueoir de laquelle lignee elle est descendue

332 3378 1105 118 Pourquoy deues sauoir que la uierge ma

328 3473 1109 92 rie est descendue et a prins naissance de la

332 3538 1101 111 lignee de iesse qui fut pere de dauid, de la

328 3622 1113 100 quelle naissance le prophete ysaye parla

328 3710 1105 191 par le saint esperit ⁊ prophetisa comme cy

1399 290 91 172 ui

1494 508 497 95 apres est declaire

1498 672 1009 164 par la uerge de yesse au .xi.c. de ysaye

1601 577 1006 118 Cõment la uierge marie est signifiee

1747 2239 867 111 E prophete ysaie rempli du saĩt

1750 2323 857 96 esperit prophetisa et dist aĩsi de

1494 2552 1116 111 yesse et la fleur de sa racine montera en

1743 2392 867 107 la uierge marie. Il ystra et nai

1754 2468 853 111 stra une uierge de la racine de

1506 2640 1104 100 hault sur laquelle fleur reposera la grace

1498 2713 1109 115 du sainct esperit.Laquelle uerge nous fi-

1510 2797 1100 103 gure la uierge marie qui a este arousee de

1498 2866 1112 107 la rousee du ciel ⁊ nous a apporte une tres

1498 2942 1116 115 belle fleur en laquelle auons trouue sept

1502 3030 1112 92 bonnes medecines. Par lesquelles nous

1510 3099 1108 115 sont figures les sept dons du saĩct esperit

1513 3191 1109 99 En la fleur dessus dicte sont trouuees sept

1521 3259 1101 111 uertus et proprietes. Cest assauoir atou

1513 3340 1109 107 chement. Odourement. fruit. couleurs.

1517 3428 1109 103 Fueilles Jus. et saueur. Lesquellles sont

1513 3504 1078 103 grandement proffitables a lame contre

1513 3565 1117 107 les sept peches mortelz. comme nous mon

1510 3642 565 229 strerone de chascune
