3278 4547
238 538 1114 121 ste ne honneste. Car follement il uoua et

238 617 1103 121 sans misericorde executa; mais ioachin ⁊

242 689 1103 114 anne offrirent la uierge marie iustement

246 772 1099 107 et honnestement, car ilz ne l occirent pas-

246 841 1095 113 mais loffrirent pour seruir et prier dieu.

246 935 1099 99 Jepte fist une promesse laquelle nest pas

246 1000 1103 117 louee des sainctz docteurs car il tua sa fil

250 1087 1091 114 le. La fille de iepte fut offerte pour la ui-

257 1178 1088 87 ctoire eue des ennemis mortelz. et la uier

246 1235 1099 121 ge marie fut offerte deuant la uictoire af

253 1311 1099 125 fin quelle eust uictoire cõtre les ennemis

253 1386 1096 122 dẽfer. Marie fit une promesse qui fut ag

257 1470 1092 125 greable a dieu et aux anges en uouãt uir

257 1545 1099 126 ginite, mais la fille de iepte ploura pour

265 1644 1087 129 sa uirginite pour ce qu elle mouroit sans

261 1716 754 91 auoir eu signee de son corps.

265 1784 1095 125 Cõmẽt la royne de perse regardoit le

265 1856 1095 133 royaulme de son ꝑe par ung iardĩ cõstruit

269 1936 1087 159 ⁊ ediffie en haultesse; en listoire scolastiq̃.

271 3445 267 245 L

496 3440 875 102 E roy de perse fit faire a sa fem-

504 3520 864 98 me ung iardin hault esleue du-

500 3584 875 121 quel elle pouoit ueoir le pays de

284 3704 1099 130 son pere, car elle desiroit tousiours de le

1314 382 65 110 ix.

1424 549 1111 87 ueoir. Par laquelle nous est figure le re-

1432 613 1107 110 gart de la uierge marie. laquelle desiroit

1436 700 1099 88 tous les iours ueoir le royaulme de sõ pe

1432 757 1107 110 re celeste par seruente et ardente deuociõ

1428 844 1111 99 ⁊ par estude car elle prioit incessamment

1432 920 1110 118 dieu pour la saluacion de lumain lignage

1432 1004 1103 98 ⁊ lisoit tous les iours lescripture ou estoit

1436 1072 1095 110 prophetise laduenement de iesucrist ⁋Et

1436 1151 1099 107 quant les autres pucelles lesquelles estoi

1432 1227 1103 110 ent auec elle au tẽple alloiẽt deuers leurs

1428 1307 1107 102 parens Ele desiroit tousiours a demou-

1436 1386 1099 103 rer au temple. et tout ce qui estoit a nestoi

1436 1458 1103 110 er et lauer au temple elle le lauoit ⁊netoi

1440 1538 1099 98 oit. Iamais ne dormoit se necessite ne la

1440 1614 1095 106 contraignoit de dormir. elle menoit uie si

1443 1697 1096 114 humble ⁊ si deuote quelle estoit a ung cha

1440 1769 1102 118 cun exemple de bien uiure. Quant elle es

1447 1860 1092 106 toit entre les hommes; iamais ne les re-

1447 1932 1095 121 gardoit.⁋Mais tournoit et baissoit ses

1443 2015 1099 114 yeux en terre, et le cueur auoit tousiours

1443 2087 1096 122 esleue enuers dieu le createur. Et a brief

1447 2159 1088 133 parler on ne sauroit escripre la grãde per-

1451 2243 1091 117 fection de sa uie en toute uertu quelle ne

1451 2326 1095 121 menast encores plus parfaicte Epitre

1455 2398 1087 140 ⁋De la natiuite de la uierge marie es-

1455 2478 1095 147 pitre escripte au liure des prouerbes Au

1455 2572 371 95 uiii. chapitre

1462 2650 235 279 N

1693 2610 853 156 Ostre seigneur ma posside des

1682 2724 868 110 le commencement de ses uoyes

1678 2796 872 133 et deuant quil fist riens au com-

1455 2894 1099 91 mencement i ay este ordonnee de perpetui

1451 2955 1103 125 te et de anciennete deuant que la terre fut

1458 3035 1096 121 faicte. les abismes nestoient pas encores

1451 3110 1099 118 ⁊ i estoie ia conceue.les fontaines ne don-

1466 3205 1084 106 noient pas encores eaues ⁋Deuant tou-

1462 3270 1099 106 tes les montaignes ie estoie conceue ⁋Il

1466 3349 1091 125 n auoit pas ẽcores fait la terre ne les fleu

1466 3425 1095 133 ues ne les ruisseaulx de la terre. Quant

1466 3504 1095 141 il disposoit les cieulx, ie estoie presente et

1470 3592 1087 121 quant il fermoit les abismes de certaine

1455 3675 1102 140 loy et terme quant il fermoit les estoilles

2285 3739 113 137 u. i
