3262 4586
753 512 1113 141 Ie suis la uraye uigne; et mon pere est le

749 607 444 122 uray uigneron.

967 634 895 176 Le uergier enuironne et clos et la

764 760 1098 141 fontaine signee au quart chapitre des cã-

768 844 241 145 tiques.

986 2457 903 122 e prophethe salomon aux liures

986 2545 895 111 des cantiques a dit de la benoite

990 2621 895 107 uierge marie qu elle deuoit estre

986 2694 864 114 sanctifiee au uentre de sa mere

722 2411 256 390 L

761 2785 1128 104 quant il lappella iardin clos et ferme Et

761 2862 1124 103 la compara a une fontaine sellee ⁊ fermee

761 2942 1128 103 car quant elle estoit enclose au uẽtre de sa

761 3019 1128 107 mere le saint esperit espãdit en elle sa gra

764 3091 1125 111 ce et la seella du seau de la saincte trinite;

764 3164 1125 103 tellement que en elle ne pouoit entrer nul

764 3236 1121 119 le mauuaise pẽsee ne cogitaciõ. Tu doul

764 3321 1121 118 ce uierge marie es le uray iardin de tout

768 3408 1109 107 plaisir et ioye Et tu es la uraye fontaine

768 3466 1105 141 qͥ as assasie et donne a boire a tous ceulx

761 3550 321 111 qui ont soif

921 3611 952 138 Comment balaam le prophete pro-

764 3726 1113 141 phetisa la natiuite de la uierge marie par

1896 336 264 118 fueillet

1992 489 1078 149 la naissance de lestoille au. xxii. chapitre

1984 569 398 122 des nombres.

2256 2166 837 88 A natiuite de la uierge marie

2244 2224 845 107 nous a este annoncee et prophe-

2007 2293 222 122 L

2244 2304 849 111 tisee par balaam le prophete. le-

1992 2377 1101 122 quel par la grace du sainct esperit dist et

1992 2453 1097 130 prophetisa ainsi. Il uiẽdra ⁊ naistra une

1992 2526 1094 133 estoille de iacob par laquelle estoylle noꝰ

1988 2610 1101 122 est figuree la uierge marie. car ainsi que

1996 2698 1090 118 mariniers qui naigent sur la mer et pour

1996 2785 1090 96 la tempeste des undes sont aucunesfois

2000 2854 1089 103 en grant peril et ne scauent ou ilz sont se

1988 2935 1101 122 radressent par lestoille Aussi pareillimẽt

1988 3015 1101 103 nous qui sommes en la mer de ce monde

1988 3084 1109 118 auons este radresses par la uierge marie

2000 3168 1086 114 qui est uraye estoille qui mayne. Et con-

1992 3236 1094 127 duit lomme au port de salut Balaam qui

2007 3309 1063 119 auoit este mande du roy balac pour maul

1988 3397 1094 107 dire le peuple disrael. En lieu de maledi-

2000 3473 1074 115 ctiõ dõna bñdictiõ en noꝰ demõstrãt ⁊ figu

1992 3554 1078 118 rãt q̃ nostre maledictiõ deuoit esire tour-

2007 3630 1052 111 nee en bñdictiõ ꝑ la uierge de laquelle la.

1988 3703 1086 183 natiuite a este figuree par la dicte estoile
