3277 4554
201 500 1105 122 desert ung prestre et ung leuite qui le ui-

193 599 1117 99 rent ainsi naure et le laisserẽt, car il ne luy

201 671 1109 103 pouoiẽt guerir les playes. Ap̃s passa ung

193 747 1117 110 samaritaĩ lequel meu de pitie uint au dit

193 831 1113 94 homme naure ⁊ lui donna guerison de ses

186 895 1120 122 plaies Et se le dit samaritain ne fust la ue

193 990 1109 87 nu iamais le poure homme n eust este gue

186 1051 1116 121 ri de ses plaies Par cestuy exẽple nous est

189 1149 1113 99 figure toute nature humaine laq̃lle fut na

186 1225 1116 103 uree a mort par le peche du premier hõe ⁊

186 1286 1108 114 qui na pas recouure guerison par le p̃stre

182 1377 1112 95 qui nous signifie circoncision loy enciẽne

186 1453 1112 95 ne par le uentre qui nous signifie contrici

182 1525 1109 99 on. Car circoncision ⁊ contriciõ ne peuent

189 1601 1105 110 satisfaire a l offẽce du premier pere Mais

189 1692 1090 103 le samaritain qui nous figure nostre sei-

186 1764 1101 103 gneur iesu crist par sa mort ⁊ passion la de

178 1844 1109 106 liure, ⁊ luy a dõne guerison de sa plaie mor

182 1924 1105 91 telle. lequel s il ne fust uenu, et n eust prins

178 1999 1105 92 char humaine iamais l omme naure n eust

182 2068 1097 114 este gari pour la quelle garison faire no-

186 2132 1097 129 stre dit seigneur iesu crist uolut eslire une

186 2216 1097 114 uierge. Et enuoya ung ange pour annon

186 2288 1093 118 cer la sanctification, la conception et le

182 2360 1105 125 nom d elle en disant Celle est la bien eureu

178 2451 1109 133 se et sainte uierge marie par laquelle sa-

178 2535 1101 110 lut a este fait et sante donnee a l omme na

178 2599 1101 133 ure laq̃lle a este figuree par plusieurs figu

174 2675 1105 186 res des anciens peres comme cy apres ap

170 2751 190 182 perra.

315 2929 972 122 Comme le roy astrages uit par son

174 3009 1109 171 ge que de sa fille croissoit une uigne en l y

182 3070 448 136 stoire scolastique.

527 3146 764 140 E roy astrages uit en songe

527 3256 669 106 une uision merueilleuse.

516 3324 778 125 Car il luy sembloit que de

527 3415 764 102 sa fille croissoit une uigne

524 3483 763 107 de laquelle uigne les fueil-

524 3559 763 167 les ⁊ le fruict se espãdirẽt tãt

186 3174 356 533 L

1294 318 152 167 .ui.

1355 2003 1120 107 qu ilz umbroient et dõnoient umbre a tout

1355 2075 1116 110 son royaume de laquelle uision l interpre-

1359 2155 1116 106 tacion luy fut faicte telle que de sa fille de

1355 2227 1116 114 uoit naistre ung roy lequel seroit plus grãt

1355 2307 1124 114 en puissance et seigneurie que luy. Laquel

1359 2383 1124 114 fille engendra de puis le roy cyrus lequel

1359 2466 1116 110 deliura le peuple d israel de la captiuite et

1359 2546 1112 106 seruitude d egipte. Ceste figure nous signi

1359 2629 1116 95 fie la uierge marie; car comme au roy a-

1359 2698 1116 110 strages fut dist q̃ sa fille engendreroit ung

1351 2777 1124 114 roy plus grant en puissance que luy. c est as

1355 2865 1124 98 sauoir le roy cyrus. Aussi a ioachin pere

1359 2933 1116 106 de la uierge marie fut annonce que sa fil-

1355 3005 1124 106 le porteroit iesu crist. Et comme le roy cy-

1355 3089 1120 98 rus deliura les iuifz de la seruitude de ba

1355 3168 1120 103 bilone. Aussi iesu crist nous a deliure de la

1355 3248 1120 99 seruitude du dyable ⁋La fille d astrages

1359 3320 1120 106 de laq̃lle croissoit la uigne noꝰ signifie ⁊ de

1359 3411 1120 95 monstre la u̾ge marie laq̃lle a apporte au

1363 3480 1112 170 mõde la uraye uigne. Car cõe dit iesu crist
