3326 4554
345 2041 1097 110 quel eut nom noe. Et l aima moult dieu ⁊

330 2106 1108 114 luy dist. Noe ie uois que toutes les creatu

330 2178 1112 125 res qui uiuent sur la terre ont corrompu

322 2261 1120 126 leur uoye deuant moy. Et la terre est cor

330 2352 1108 99 rompue de maulx et de douleurs Ie les

334 2417 1108 118 uueil punir et destruire commencant a l õ

337 2504 1105 110 me iusques aux petites bestes qui sont sur

337 2588 1105 102 terre, et aux oyseaux qui uolent en l air et

334 2660 1104 117 me repens que ie les fis oncques. Tu fe-

330 2724 1112 129 ras une arche de boys bien polye et bien

330 2808 1108 110 ioincte ensemble et sera de troys cens cou

334 2895 1104 99 dees de long de cinquante de large Et de

330 2960 1105 129 trente coudees de hault Et en l arche feras

341 3043 1094 122 une fenestre d une coudee de hault, et oin-

337 3123 1101 129 dras l arche bien dehors et dedens si que

334 3187 1108 137 nulle eaue y puisse entrer. Quant noe eut

334 3282 1101 122 ouy le commandement de nostre seigneur

334 3354 1104 126 il fist l arche ainsi comme dieu lui auoit cõ

337 3423 1098 132 mande. ¶Quand l arche fut faicte nostre

326 3506 1112 137 seigneur luy dist. ¶Tu prendras de tou

337 3590 1098 113 tes manieres des bestes et d oyseaulx qui

337 3662 1105 189 uiuent sur terre de chascune masle ⁊ femel

1423 337 46 160 u

1511 519 1120 129 le, et mettras pour chascune creatures ui

1511 607 1116 114 ures selon ce que mestier leur sera. ¶Et

1514 683 1113 106 toy ta femme et tes enfans et leurs fem-

1511 762 1116 118 mes y entreras, et y mettras uiãdes pour

1514 827 1120 129 uoꝰ. Car ie feray eaue yssir hors de leurs

1511 922 1116 114 cours a si grant habondance que toutes

1511 986 1116 125 les creatures qui uiuent sur terre seront

1511 1077 1120 110 peries et mortes fors seulemẽt celles

1511 1157 1112 102 qui serõt en l arche auec toy Lors print noe

1511 1218 1127 136 de toutes creatures uiuãtes sur terre mal

1511 1305 1108 106 le et femelle comme dieu luy auoyt com-

1514 1377 1113 133 mande et les mist dedens l arche. Et quãt

1511 1461 1112 117 il les eut mis dedeus il y entra et sa fem-

1511 1544 1112 122 me et ses enfans auec les femmes de ses

1511 1631 1112 110 enfans, et quant ilz furent dedens l arche

1511 1707 1112 110 nostre seigneur clouyt la porte par dehors.

1511 1787 1116 114 Et les eaues commencerent a croistre tãt

1518 1867 1109 113 que la force des eaues leua l arche en hault

1511 1927 1112 126 tellemẽt qu elle ne sentoit plus terre. Qua

1511 2022 1104 95 rante iours et quarante nuitz furent ou-

1518 2091 1105 110 uertes les fenestres du ciel et pleut grant

1518 2170 1097 107 habondance d eaue et les fontaines d abis-

1514 2254 1109 114 mes furent toutes desrompues; et surmon

1511 2318 1112 129 ta l eaue toute la terr et les plus haultes

1511 2409 1108 110 montaignes qui estoyent au monde bien

1503 2474 1116 133 quinze coudee de hault excepte paradis

1507 2554 1105 125 terrestre auquel n entrerent point les eau-

1507 2637 1112 121 ues du deluge. Et gurent toutes les crea-

1518 2717 1109 114 tures du monde peries excepte noe ⁊ ceux

1511 2793 1120 125 qui estoient en l arche auec luy et dura la

1507 2861 1120 133 force du deluge cent et cinquante iours et

1511 2967 1104 103 le septiesme mois reposa l arche sur les mõ

1514 3024 1109 122 taignes d armenie et le mois dixiesme fu

1507 3096 1116 122 rent tellement les eaues descrues que l on

1514 3187 1109 110 ueoyt le bout des montaignes. Et estoyt

1511 3267 1108 110 noe en l arche ⁊ sa mesgnie en grãt esbaisse

1514 3339 1105 118 mẽt ⁊ doubtãce pour ce qͥlz ne ueoient que

1511 3419 1112 106 d eaue ⁊ dobtoient que dieu les eust obliez

1518 3495 1105 117 Au bout de dix mois cõmẽca l eaue abais

1514 3574 1105 118 ser. Lors noe ouurit la fenestre qu il auoyt

1514 3665 1098 111 faite en l arche ⁊ laisse aller le corbeau pour
