3277 4554
159 497 220 391 A

387 523 881 122 U chapitre dessus est demõstre cõ

379 614 885 103 me la uierge marie est figuree par

372 686 884 114 la uerge de yesse Dies est a ueoir

167 755 1089 129 et considerer comment elle est par la porte

163 838 1086 129 close figuree et demõstree comme dit Eze

159 914 1094 118 chiel prophete lequel par le saint esperit

159 994 1094 121 dit et prophetisa aĩsi. Ceste porte sera clo-

159 1070 1097 129 se et serree et ne sera point ouuerte et hom

167 1149 1086 118 me ne entrera point parmy elle, car le sei-

167 1221 1097 141 gnenr dieu disrael est entre par elle. Laq̃l

167 1320 1093 103 le porte nous figure la uierge marie, par

170 1381 1094 140 laquelle le sauueur du mõde a uoulu pas

170 1480 1098 113 ser sans ouuerture nulle et sans apercion

163 1533 1101 136 laquelle fut uierge deuãt lẽfãtement uier

170 1628 1090 140 ge a lenfantement et uierge ap̃s lẽfante-

174 1722 167 99 ment

178 1855 1097 137 ⁋Comment le temple de salomon figu

186 1958 1089 110 re la uierge marie au troysiesme liure des

130 2037 807 175 rois au.u.ui et uii. chapitres

172 3500 211 182 L

379 3491 889 102 E roi salomon edifia ung tẽple a

375 3559 889 114 lõneur de dieu leq̃l nous represẽte

174 3660 1090 85 ⁊ figure la uierge marie lequel tẽple auoit

186 3715 1082 140 trois uoies pour aler ꝑ lesquelles .iii. uoies

1237 352 133 114 uiii

1348 538 1135 107 noꝰ sont signifiees trois aureolles ou cou

1348 614 1127 99 ronnes et p̃eminẽces que eut la uierge ma

1355 686 1113 95 rie. La premiere est laureolles ou couronne

1351 759 1117 117 des uierges car elle uoua uirginite a dieu

1359 834 1105 107 La seconde est laureolle des martirs.car

1363 933 1101 87 elle fut martire en son esꝑit et ameLa tier

1355 994 1101 106 ce aureolle est des docteurs. car elle fut en

1359 1081 1094 103 seigneresse des docteurs non pas par pu-

1355 1161 1101 98 blique predicaciõ mais par familliere ex

1355 1237 1105 95 ortacion. Celuy temple aussi fut edifie de

1359 1301 1101 106 marbre blanc et aourne de pur or. Aussi la

1366 1388 1094 99 uierge marie fut blanche par la uirginite

1355 1468 1109 133 et fut aournee par dedens d or parfaict da

1351 1540 190 99 mour

1393 1597 1037 190 ⁋Cõmẽt marie fut offerte au temple.

1359 3151 220 249 A

1579 3149 881 114 Pres que la uierge marie fut nee

1572 3225 896 114 elle fut deportee de par son pere et

1366 3385 1102 106 et offerte au prestre de la loy pour appren-

1583 3290 885 121 sa mere au temple et fut presentee

1370 3449 1113 103 dre le seruice diuin et seruir nostre seigñr

1363 3536 1120 110 Ceste offrande fut demonstree par une fi-

1363 3612 1120 107 gure qui s appelle la table du soleil en la

1370 3688 733 83 rayne uous uerres cy apres

1458 3722 1017 209 Comment la table dor offerte au tem
