3270 4606
733 495 1126 111 Et premierement qui a latouchement de

730 575 1106 119 la rouse dessus dicte peut facillement met-

730 664 1106 107 tre au bas toute presumption et orgueil,

730 721 1102 111 car il sera dispose a la craĩte de dieu ⁊ a la

726 821 1103 111 congnoissance de soy mesmes car qui pen-

714 882 1122 131 se ⁊ considere comme lucifer ꝑ son orgueil

722 978 1110 108 fut iecte du hault de paradis au parfond

722 1051 1103 104 d enfer prent en son cueur la crainte et ti-

722 1136 1103 92 meur de dieu. Car nous pouuons consi-

722 1209 1103 99 derer que puis que dieu na pas uoulu per

707 1282 1122 107 mettre ne porter l orgueil des anges purs

718 1351 1103 126 que moĩs ueult suporter lorgueil des hom

714 1450 1103 104 mes, car les anges ont eu dignite et no-

710 1512 1111 134 blesse naturelle par laquelle se pouoyent

714 1615 1103 104 aucunement esleuer en orgueil mais lom

707 1681 1102 103 me miserable na q̃ misere par quoy

707 1773 1106 100 se puisse ou doiue esleuer en orgueil. Par

699 1846 1110 88 le goust de la dicte fleur est amollie lobsti-

703 1911 1106 115 nacion limpiete du cueur endurcy est obsti

703 1995 1102 100 ne, car le cueur qui a le dit goust est facile-

703 2084 1102 103 ment enclin a pitie et compassion des tri-

691 2153 1111 123 stes Et quant il est auec les tristes a com

699 2241 1106 108 passion de leurs douleurs et tristesses. Et

695 2322 1110 92 quant il est auec les ioyeux mainent ioye

695 2391 1110 123 ⁊ sesiouit auec eulx. Par fruit de la fleur

695 2464 1107 115 est amodere toute passion dire, car celui qͥ

691 2556 1118 100 ensuit le fruict de la dicte fleur ensuyt les

691 2636 1114 100 oeuures de iesucrist qui est le uray fruit de

687 2702 1122 123 sa fleur ¶Par la couleur hors dycelluy est

687 2778 1122 112 entendu lomme fort pour soubstenir toute

687 2867 1115 115 peine et aduersite pour nostre seigneur ie-

683 2947 1126 123 sucrist ¶Car la couleur de celle fleur nest

683 3036 1122 96 aultre chose que le sang precieux que no-

683 3093 1122 127 stre seigneur iesucrist a pour nous espãdu

680 3174 1125 130 Et celuy qui a la uertu de celuy sang en

676 3270 1129 92 lui est p̃st et appareille de recepuoir et por

683 3354 1122 92 ter toute peine angoisse et tribulaciõ pour

680 3419 1125 104 lamour de iesucrist. Par les fueilles de la

668 3496 1141 112 fleur est amodere et anichille tout appetit

672 3585 1137 92 de auarice et de concupiscence mondaine

672 3646 1133 111 car les fueilles ne sont autre chose que les

672 3730 1133 177 parolles et enseignemens de iesucrist. les

1736 299 273 134 fueillet

1894 475 1130 119 quelz se les hommes mectent a effect eui-

1913 556 1107 131 teront tout desir mondain et couuoytise

1917 644 1099 108 des biens mondains pour peruenir aux

1917 721 1103 108 biens spirituelz par le suc ⁊ ius de la fleur

1913 794 1111 104 est dechassee toute gulosite ⁊ replectiõ mõ

1917 875 1110 103 daine Et est rempli lomme de lesperit de

1921 948 1103 115 prudence et congnoissãce.car lesperit mon

1917 1032 1107 123 dain ne congnoit que les choses uaines ⁊

1925 1116 1099 108 mondaines. mais lesperit de prudence con

1932 1209 1092 103 gnoit les choses pardurables et mondai-

1925 1278 1102 111 nes. Par la sauuer de celle fleur et dechas

1921 1358 1106 104 see toute luxure et cõcupiscence charnelle

1925 1447 1106 88 de lõme et est rempli de la uertu de chaste

1921 1512 1106 100 te et continence Car quant lõme est rem-

1917 1581 1114 127 pli du saĩt esperit il repute toute cõcupiscẽ

1913 1661 1114 123 ce ⁊ desir charnel estre sur et amer comme

1913 1738 1118 104 quãt lõme a sus la langue du miel toutes

1917 1815 1107 115 les choses que luy uiennent apres lui sem

1913 1903 1111 112 blent ameres Aussi quant lõme est rempli

1909 1988 1115 100 de la grace du saĩt esperit qͥ est signifie ꝑ le

1894 2061 1133 107 ius de la fleur toutes choses mõdaines lui

1913 2141 872 115 semblent ameres et detestables.

1905 2210 1122 135 Cõmẽt la uiege marie est figuree par la

1909 2306 1068 139 porte close au. xliiii. chapitre de ezechiel.
