3268 4606
760 510 1114 127 en hault et deliuroit les fontaines des ea

760 602 1114 123 ues. Qnant il bailloit et astablissoit a la

756 683 1114 103 mer son terme, et mettoit loy aux eaues

760 752 1114 107 quelles ne passassent leurs fins. Quant

744 825 1130 123 il fermoit les fõdemẽs de la terre i estoie a

760 905 1114 108 uec lui composant toutes les choses Et ie

752 978 1129 127 me delectoie ⁊ ꝑnoie esbatemẽt tous les

760 1059 1110 119 iours me iouãt deuãt lui en tous temps ⁊

760 1143 1110 112 me iouoie en la region de la terre, ⁊ me de

756 1212 1114 135 lectoie estre auec les filz des hõmes Maĩ

756 1301 1114 111 tenãt dõcq̃s enfãs oyez moy. Biẽeureux

748 1370 1122 134 sõt ceulx qͥ gardẽt mes uoies. Oyes disci

756 1466 1118 115 pline et soies sages ⁊ ne la deiettes pas ar

752 1531 1122 127 riere de uous. Bieneure est lõme qui me

756 1623 1121 108 escoute ⁊ qͥ ueille a mes portes toꝰ les iours

756 1685 1118 126 ⁊ regarde aux postz de mes huiz. Qui me

756 1769 1121 123 trouuera il trouuera uie ⁊ espoirera salut

760 1857 1114 96 de nrẽ seigñr ⁊ celui qͥ pechera en moy ble

748 1926 1126 127 cera son ame. Tous ceulx qͥ me hairont

760 2026 461 88 aiment la mort.

756 2034 1121 176 ¶Leuangile ensuiuant escript saint ma

756 2172 1110 107 thieu au p̃mier chapitre ⁊ se list en la nati

764 2253 1106 115 uite de nostre dame; ⁊ es matines de la na

760 2329 660 92 tiuite de nostre seigneur

975 2360 895 154 E liure de la generacion de iesu

979 2491 887 96 crist filz de dauid filz dabraham

975 2552 891 115 Abraham engendra ysaac. ysaac

748 2644 1118 92 engendra iacob. Iacob engendra iudas et

752 2713 1110 123 ses freres. Iudas engendra phares et za-

744 2801 1114 108 ram de thamar. Phares engendra esron.

752 2890 1106 96 Esrom engendra aram. Aram engendra

744 2940 1114 130 aminadab. Aminadab engendra naason.

748 3020 1106 119 Naason engendra salmon. Salmon en-

744 3109 1110 111 gẽdra booz de raab Booz engendra obeth

737 3178 1113 119 de ruth. Obeth engendra iesse. Iesse en-

744 3266 1110 115 gendra dauid le roy. Dauid le roy engen

744 3343 1106 107 dra salomon de celle qui fut fẽme de urie

748 3412 1102 130 Salomõ engendra roboam. Roboam en

744 3504 1106 115 gendra abiam. Abias engendra asa. Asa

741 3565 1106 138 engendra iosaphat. Iosaphat engendra

741 3657 1106 200 ioram Ioram engendra osiam. Osias en-

737 2398 253 260 L

1743 341 265 127 fueillet

1927 514 1125 111 gẽdra ioathã Ioathã ẽgẽdra achã Achas

1931 598 1118 112 ẽgẽdra ezechiel. Ezechiel engẽdra manas

1939 675 1110 108 ses. Manasses ẽgẽdra amõ. Amõ ẽgẽdra

1939 752 1113 100 osie. Osie ẽgẽdra iechonie ⁊ ses frẽs en la

1935 813 1117 123 trãsmigraciõ de babiloine. Et ap̃s la trãs

1943 913 1109 96 migraciõ de babiloine iechonie ẽgẽdra sa

1943 986 1109 96 latiel Salatiel ẽgendra zorobabel. zoroba

1939 1055 1113 111 bel ẽgẽdra abiuth Abiuth ẽgẽdra eliachim

1943 1139 1109 108 Eliachim engendra azor. Azor engendra

1943 1220 1109 111 sadoch. Sadoch engendra achim. Achim

1943 1301 1109 96 engendra eliud. Eliud engendra eleazar.

1946 1381 1106 100 Eleazar engendra mathan. Mathan en

1950 1458 1095 100 gendra iacob. Iacob engendra ioseph,

1950 1531 1102 111 le mary de la uierge marie. De laquelle

1950 1615 861 108 iesus fut ne qui est appelle crist.

1962 1661 1044 139 ¶ Du iour de la natiuite nostre dame

1927 1761 263 259 D

2169 1757 880 119 E la natiuite de la uierge marie

2162 1830 879 112 mere de dieu escript iehan dama

2173 1915 860 115 scene. Et dit quelle print naissan

1950 2011 1091 98 ce de la lignie de dauid cõme cy apres est

1950 2088 1091 103 escript. Dauid entre tous ses enfans en-

1943 2172 1102 100 gendra nathan et salomon Nathan engen

1950 2233 1095 112 dra melchi et panthere. Panthere engen-

1946 2314 1103 107 dra perpanthere. Perpanthere engendra

1946 2395 1099 115 ioachin du quel fut nee la uierge marie.

1943 2487 1106 96 Celuy ioachin eut une femme nommee

1950 2567 1095 92 anne laquelle eut une seur nomme isme

1935 2625 1106 119 rea laquelle ysmerea engendra sainte eli-

1931 2721 1110 100 zabeth. de laq̃lle fut ne saint iehan. Cel-

1935 2790 1106 111 le anne eut troi maris.cest assauoir ioa-

1931 2863 1114 130 chim cleophas et salome. Du premier ma

1939 2963 1102 107 ry cest assauoir ioachim elle eut la uierge

1935 3024 1106 119 marie de laquelle apres nasquit iesucrist.

1935 3116 1102 112 Apres la mort de ioachim anne print cleo

1927 3178 1114 122 phas frere de ioseph duquel aussi elle eut

1939 3277 1098 104 une fille nommee marie Celle marie fut

1931 3339 1102 127 espousee a ung homme nomme alphee du

1943 3439 1086 99 quel alphee elle eut quatre filz. cest assa-

1935 3504 1102 119 uoir saint iaques le mineur, ioseph qͥ fut

1920 3592 1117 108 appelle bersabe. saint simon et saint iude

1939 3684 1098 177 Du tiers mary cest assauoir salome anne
