2802 4268
81 288 990 135 sont a la ꝑfin deceuz, car tout leur espoir

89 359 982 117 tourne a neãt. Et neantmoĩs sõt a ceste

89 426 979 121 resuerie qͥlz cuydẽt estre ẽuoyez au mon

89 497 982 118 de cõme les anciẽs ꝓphetes, ⁊ q̃ leurs re-

89 561 989 128 respõces soyẽt arrestz de ꝑlemẽt, ⁊ leurs

89 647 989 114 ymaginaciõs texte de bible. Et ueulẽt ꝑ

96 711 986 107 obstinacion immuable muer aux choses

96 778 982 107 leurs ꝓprietez. Et cuydẽt de fol cuyder

92 846 986 117 faire ĩfaillible esperãce. Et soubz umbre

92 910 986 117 de ce ꝑseuerẽt en leurs iniqͥtez deshordon

99 970 983 118 nees sas̃ pẽser q̃ leur erreur les ꝯduit a cor

99 1052 979 100 rectiõ cruelle qͥ est une chose biẽ reprou-

99 1113 986 106 chable autãt ou plus q̃ seroit d ũg hõme

99 1180 986 103 qui demourroit en une fãge ꝑ hõte de ce

99 1251 986 111 reueler, Ilz sõt clercz ainsi q̃ leur semble

99 1312 994 117 mais ilz ne scauẽt pas q̃ bon amẽdemẽt

103 1376 979 124 est plꝰ a louer q̃ uicieuse faulte n est a re-

106 1447 983 114 prouchier. Car selõ l euãgeliste; faillir est

110 1525 983 100 uue chose humaine, ⁊ ꝑseuerer chose dya

96 1596 986 96 bolicque. Icy prennent exẽple les prĩces,

106 1664 983 114 seigneurs et peres de famille qͥ ne se doi-

106 1735 987 93 uent gouuerner ꝑ leur ꝓpre sens et seule

103 1789 993 113 oppinion, mais doiuẽt les princes ⁊ sei-

106 1860 990 113 gneurs choisir le bõ ꝯseil des saiges, ⁊ les

106 1941 990 96 peres de famille l oppiniõ de leurs ꝯmen

106 1988 997 110 saulx ⁊ l aduis de leurs seruiteurs. Aussi

106 2066 994 107 doiuẽt faire ceulx qͥ plaĩdẽt en leur pri-

110 2126 990 107 ue nõ, car l affection les aueugle en leur

110 2208 986 100 fait. Et q̃lque prudẽce qͥlz ayent de leur

110 2272 990 93 colere ne uoyẽt si cler q̃ ceulx qͥ n y ont in

113 2333 980 113 terestz car biẽ cõseiler cõpete a chascune

103 2404 787 139 saige persoune au fait d autrny

106 2518 998 112 ¶ Des attendãs leur bon ou mauuais

106 2596 1011 139 heur passe deceuz par espoir desesperables

128 2720 982 125 ¶ La tierce espece des folz esperans sont

121 2809 986 96 ceulx qͥ soubz la confiance de la bõne for

124 2877 983 85 tune qͥlz ont eue le soubz mettẽt aduãtu

121 2927 986 103 reusemẽt aux perilz aduenir; cõe sont les

124 3005 990 89 aduãturiers de mer ⁊ les marchãs de ter

128 3065 989 139 re; qui sãs regarder la disposiciõ du tẽps

1117 270 1019 114 ne sans p̃uoir les choses qui peuẽt adue-

1132 341 1011 114 nir se confiẽt tellemẽt a leur biẽ heur pas

1135 419 1008 110 se, ⁊ au prouffit qͥlz ont autreffois recou

1135 476 1004 110 uert de leurs entreprĩses qͥlz aduanturẽt

1139 558 1000 103 tout leur biẽ, dõt par apres ilz se trouuẽt

1139 629 1004 96 destruitz ⁊ poures. Les experiẽces en sõt

1142 682 1001 118 quotidiaues; ꝑquoy de exẽple ne mectrai

1139 761 1004 110 ie point fors q̃ telles gẽs resẽblẽt a poli-

1139 825 1007 103 cratus qui se sẽtoit si tres heureux qͥl iet

1139 892 1007 96 ta son ãnel dedãs la mer esperant qu il le

1142 960 1001 103 retourneroit par heur, Mais ceste esperã

1142 1038 1001 100 ce que ie nõme desesperable le deceut, car

1142 1102 1004 103 le fol auquel ne uenoit q̃ a sou,haict fut

1139 1170 1015 128 sur fa fin de ses iours par trop esperer mi

1139 1241 491 106 serable ⁊ meschant.

1128 1283 1029 132 ¶ Autres en y a qui se approuchẽt de tel

1142 1379 1015 97 les follies leq̃l soubz la doubte de leurs

1146 1451 1008 92 mauuaises fortunes passees ꝑdẽt cueur

1149 1515 1008 103 ⁊ couraige ⁊ n osẽt riẽ intreprẽdre, cõme si

1153 1575 1004 107 fortune estoit chose cree sans laquelle on

1157 1660 1004 82 ne pourroit iamais auoir biẽ. Soubz ce-

1153 1717 1004 111 ste esperãce sont aussi cõprĩs ceulx qͥ por-

1153 1796 1004 85 tẽt au colles breuetz ⁊ l herbe en leurs bõ

1157 1856 997 103 netz ⁊ finablemẽt ceulx qui se gouuernẽt

1153 1931 1011 96 selon les estoilles, ⁊ qͥ ne commẽcẽt aucu

1157 1984 1011 103 ne oꝑacion d efficace que se ne soit durãt

1160 2062 1008 89 le regne de la bonne planette cuydãs que

1157 2123 1011 107 dieu y soit subiect, ⁊ qu il conuiẽt de neces

1160 2201 1011 93 site que une chose soit conduicte ⁊ menee

1160 2265 1008 103 selõ la disposiciõ des planettes, telles gẽs

1160 2336 1004 103 ne sont pas bon catholicq̃s ⁊ ne cõgnois-

1164 2411 1011 92 sẽt pas que dieu leur a donne entẽdemẽt

1164 2454 1007 117 pour iuger, ⁊ uouloir po᷑ eslire le biẽ ou

1171 2546 1004 75 le mal, ⁊ non po᷑ estre necessairemẽt gou

1167 2607 1004 85 uernez ꝑ les corps celestes, Biẽ dy ie que

1178 2667 993 96 ung homme ne durãt le cours d une pla-

1182 2731 1000 103 n[]tte peult estre ẽclĩ a la nat᷑e d icelle com

1167 2806 1008 96 me si elle est bõne d estre bõ, ⁊ si elle ẽ mau

1174 2870 1012 92 uaise d estre mauuais, mais ꝑ autãt qu il

1167 2941 1011 92 est creature raisõnable peut resister a icel

1171 3005 1000 89 le ⁊ a celuy sert sõ liberal arbitre que dieu

1167 3062 1011 156 luy a dõne. De cela ie m ẽ rapporte ⁊ uoꝰ
