2760 4256
624 297 993 96 sent ditz ⁊ reputez nobles qui mieulx sca

627 383 987 81 uent blasphemer le nom de dieu ⁊ plus de

624 425 986 96 testablement ⁊ horriblemẽt iurer. Les gẽ

627 496 980 110 tilz hõmes du iourdhuy tant cheualiers

624 567 986 99 que escuyers qͥ sõt ordõnez pour trauail-

627 631 987 96 ler au bien publicque ⁊ qͥ doiuẽt sur tous

624 705 990 100 estre hũbles, chastes, sobres, bons, cour

635 780 979 88 tois ⁊ curieux de ce faire aymer aux bõs

627 840 983 96 et hayt aux mauluais, ont aprĩs ꝑ une

631 915 983 88 desordõnee coustume a uiure cõe galãs

631 978 979 93 en ꝓdigalite oyseuse yurongnerie, gour-

635 1042 972 92 mãdise ⁊ soy uestir de uestemẽs dissolus

627 1106 983 114 ⁊ deshõnestes. Ilz blasphemẽt dieu a toꝰ

635 1181 979 106 ꝓpos, ilz deshõnorẽt filles et fẽmes. Et

635 1259 979 92 quãt ꝑ amour folle n en peuent auoir ilz

631 1319 986 99 les ont par force et puis s en mocquẽt Le

631 1376 983 113 maĩtien qͥlz ont a la table est router ⁊ fai

635 1454 979 88 re autres choses deshõnestes ⁊ se y glori-

635 1517 979 100 fient. Les nuyts leur sont trop courtes

631 1585 983 103 pour leurs desordõnees plaisãces, ⁊ les

631 1652 979 107 iours trop briefs po᷑ dormir es lictz sãs

635 1716 979 106 exploit ꝓuffitable. Ilz mesdisẽt de tout

635 1787 979 96 le mõ et diẽt q̃ les gens d eglise abusẽt

638 1854 972 93 de leur estat et ilz ne pẽsent point en q̃lle

642 1929 968 85 mescõgnoissance ilz recoiuent la reuerẽ-

631 1993 972 103 ce de noblesse ⁊ la craĩte de leurs subgectz

638 2060 969 99 auec le molumẽt de leurs terres ilz retiẽ-

631 2124 972 96 nent le nõ dõt les oeuures les demẽtent,

635 2191 972 103 ilz ueulent estre appellez uertueux ⁊ ne

638 2262 969 96 scauent que c est de uertus. Ilz tiennẽt a

638 2337 958 92 honte ⁊ reproche l estude ⁊ dient toꝰ cõmu

627 2394 972 95 nemẽt q̃ noble hõme ne doit scauoir les

624 2457 979 121 lettres ⁊ que c est deshonneur a gẽtillesse

620 2542 756 125 scauoir entendre latin et parler

620 2635 976 156 ¶ Les nobles et mesmemẽt les princes

620 2727 476 135 doiuent estre clercz

627 2858 958 106 ¶ Les clercz sont ꝑ eulx democq̃z ou ilz

638 2956 957 83 souloiẽ estre ꝑ eulx appellez ⁊ hõnorez.

627 3022 982 72 Ung flateur ung mẽteͬ, ung regnieur

627 3067 969 203 de dieu ung ioueur de quartes et de dez,

1683 287 963 142 ou ung gaudisseur qͥ ne scaura riẽs fors

1685 379 957 121 chose reprochable ⁊ deshõneste entre gẽs

1688 446 954 107 de bõnes meurs sera au ioͬdhuy mieulx

1692 500 943 120 uenu entre les gẽtilz hõmes de court q̃

1685 574 961 110 ne seroit aristote ne toꝰ les autres philo-

1681 638 972 113 sophes s ilz estoiẽt ressussitez Ilz ont mal

1692 719 950 100 retenur la sentẽce de platõ qͥ tenoit les sei

1685 776 965 121 gneuries ⁊ choses publicq̃s poͬ eureuses

1681 854 969 107 quãt les studieux hõmes ⁊ profondz en

1677 918 969 103 hault scauoir les gouuerneroiẽt. Salo-

1677 978 969 125 mon la mõstre assez cleremẽt quãt par sa

1677 1039 969 124 doctrine ⁊ sapiẽce il getta hors de son roy

1677 1124 973 92 aulme toute rumeur ⁊ discorde ⁊ en dissi-

1688 1191 947 107 pa toute l iniqͥte ⁊ meschief. ⁋ Auicẽne qͥ

1677 1262 965 107 fist les belles distĩctiõs de philosophie ⁊

1677 1326 969 110 medecine, ⁊ auerrois cõmẽtateur d aristo

1677 1383 965 120 te furẽt prĩces ⁊ chiefz de seigneuries car

1677 1450 965 103 l ung fut roy ⁊ l autre duc. ⁋ Ptholomee

1677 1521 965 103 auq̃l sõt attribuez les liures de celeste sci

1677 1581 962 107 ence fut roy d egipte. ⁋ Metriades roy

1674 1649 965 127 de põt cõprĩt tãt de sciẽce qͥl parloit. xxii.

1670 1734 969 92 lãgaiges a. xxii. nations qui soubz luy

1674 1798 961 103 estoiẽt Anciẽnemẽt furẽt les sept ars ap

1677 1869 955 95 pellez liberaulx pour ce q̃ les nobles frã-

1677 1925 958 121 ches liberalles ꝑsonnes y estudioient

1674 1993 961 117 Les anciẽs hõmes qͥ p̃mier establirẽt prĩ

1677 2078 951 96 cipaultez ⁊ seigneuries firẽt les loix par

1670 2124 958 110 lesq̃lles le mõde est gouuerne et furẽt en

1670 2195 958 113 semble prĩces ⁊ clercz. Soit ueu le rubri-

1670 2284 958 81 che du ꝓhesme de l institute et uoꝰ trouue

1677 2340 948 100 rez qͥl ne cõuiẽt pas que une prĩcipaulte

1670 2408 955 88 soit seulemẽt de puissance decoree, mais

1667 2468 958 121 de sens et science aornee. Et a p̃sent tout

1667 2557 578 99 est en france corrumpu.

1795 2652 783 116 ¶ De la ruyne de uraye nobesse

1663 2734 955 113 ¶ L ordre de cheualerie n est poĩt gardee

1656 2823 962 95 noblesse a ꝑdu la haultesse de sa naissan-

1660 2897 961 82 ce, hõnestete est polue, igorãce est prisee

1656 2954 962 85 prudẽce est democquee, chastetee n est poĩt

1649 3004 965 99 recõgneue. Orgueil preside malice gou-

1653 3082 961 152 uerne. Et brief toute louable ordonnãce
