2777 4228
655 257 987 102 sent a cecy les trõpeurs du tẽps qͥ court

655 334 983 88 qͥ font les gras̃ serimonies es eglises, et

1691 288 962 106 boutez dist dieu au peuple d israel ma di-

651 394 984 102 pillent et desrobent le mõde. Telles gẽs

1695 345 951 127 scipline ⁊ uoulez q̃ ie accepte uoz offra

651 465 977 112 cuydẽt q̃ leurs frustratoires oraisons qͥ

1698 419 948 123 des Uoꝰ cõtẽnes mes cõmãdemẽs ⁊ uou

655 532 976 98 doynẽt estre cõfermez a dieu les sechar

1695 486 951 123 lez q̃ ie loue uoz oblatiõs Ie me ennue ď

648 602 980 106 gent de restitciõ, ⁊ de soubz ceste dãnable

1702 542 944 120 uoz sacrifices uoz solẽnitez mme sõt grief

644 676 987 88 cuyderie s en uõt le grãt chemin de pardu

1695 623 955 106 ues a escouter si tourneray ma face quãt

644 739 980 96 rable dãnacion. Cuidez uous mauditz

1698 680 952 137 uoꝰ me cuiderez appaiser ꝑ uoz sacrifi-

644 803 980 98 ypocrites q̃ oraison soit en la parolle seu

1691 757 959 109 ces Car ie apꝑcoy q̃ ce peuple qͥ me hõno

644 877 980 88 lemẽt. Saichez q̃ la u̾tu d icelle est en iu-

1691 813 959 138 re de bouche a le cueur loing de moy. No

641 930 976 116 ste obeissãce ⁊ humilite. Uoꝰ priez celluy

1688 898 955 116 tez ypocrites notez les sentẽces de reffuz

644 1007 977 120 q̃ tous les iours uous offensez et ne auez

1691 954 955 127 dictes des iuifz i a dieu ne plaise quelles

1684 1018 966 127 soiẽt sur noꝰ aduerees Ie croy touteffois

644 1081 589 95 espoir de uous amender

1681 1092 965 109 q̃ les plꝰ lointains de l obeissance de dieu

1681 1155 962 116 sont au iour iourdhuy les plus ꝓchaĩs de

669 1187 952 127 ¶ Des usuriers ⁊ pillars qͥ font du biẽ

634 1289 888 99 es eglises de ce qu ilz ont mal acquis

1681 1229 965 123 sõ autel. Les gẽs d eglise uoꝰ en scauroiẽt

1681 1293 955 123 biẽ respõdre qͥ qͥerẽt toutes les occupaciõs

1677 1370 962 106 seculiers ⁊ fuiẽt leurs mĩstres ⁊ offices

641 1388 969 130 ¶ Ie parle aux larrõs ⁊ usuriers ꝑ nõt

637 1486 977 95 rien q̃ du bien d autruy; lesq̃s font faire

1681 1426 947 120 spirituelz cõe oeuures reprouchables Ilz

634 1543 983 116 les chappelles ⁊ eglises, ⁊ icelles doptent

1681 1497 955 123 portẽt l habit de l ordre qͥlz ne tiẽnẽt poĩt.

630 1606 980 116 de ce qͥlz ont tollu a leur ꝓuchaĩ ꝑ usure

627 1687 983 88 ou autremẽt iniustemẽt. Tel[]es gẽs sa

1677 1691 955 109 Demandez a ung moyne de saĩt benoist

1793 1617 730 116 ¶ De l ypocrisie des moynes

627 1744 979 116 crifiẽt aux yeulx des hõmes; ⁊ nõ deuãt

620 1825 983 88 les yeulx de dieu Il fault rẽdre auãt q̃ sa

1670 1772 951 109 ou de saĩt augustin cõbiẽ il a de chiẽs en

620 1899 976 81 crifice ne dieu prier si l on a de quoy rẽdre

1670 1835 951 106 sa maison ⁊ de filles en sa chãbre ⁊ cõbiẽ

1670 1902 955 106 il y a qͥ ne mẽgea a chair Et il uoꝰ dira s il

623 1958 976 89 si nõ; trauailler ⁊ en acq̃rir loyaulment

623 2025 969 96 pour de son labeur faire cõue,nable resti-

1673 1966 952 105 ueult uerite dire q̃ onc il ne tint le quart

1666 2022 955 127 de sa reigle Ie demãderoye uoulẽtiers si

620 2096 976 88 tuciõ si on scait a qͥ le faire Trop sõt de

616 2163 976 88 ceuz ceulx qͥ cuidẽt faire grãt oeuure qͣt

1663 2099 955 110 telles gẽs sõt religieux ie dy nõ; mais

616 2223 973 98 ilz dõnẽt a l eglise en leur uieillesse ce qͥlz

1666 2166 948 117 uraiz apostatz. Car cõme dit le ꝓuerbe

1659 2219 959 162 commun au droit canon. L habit ne fait

613 2293 979 88 ont mal acqͥs en leur ieunesse Ilz cuydẽt

609 2346 987 106 dieu rapaiser ď ce qͥ ne leur appartiẽt pas

1652 2304 349 91 pas le moyne

609 2420 973 106 Et ueulẽt ap̃s leur mort uiure ꝑ gloire

1719 2360 790 123 ¶ De l ypocrisie des mandians

1656 2434 958 106 En ce sont aussi cõprins aucuns man-

602 2498 980 88 entre les mortelz hõmes ꝑ l inspection de

602 2550 973 106 leurs armes attachees aux murs de leꝘs

1649 2498 962 105 diãs qui doiuẽt uiure en pourete et mẽ-

599 2631 983 96 chappelles qͥ ꝑ succession de tẽps sõt effa

1649 2575 958 95 dicite ⁊ ne doiuẽt auoir riẽ propre, maix

599 2698 983 88 cees ⁊ ne craignẽt poĩt mourir ďuãt dieu

1645 2642 966 99 sont tennz uiure en cõmunite. Et a pñe

602 2758 973 88 et leurs ames occire en les dãnãt perpe-

1645 2709 966 99 particulieremẽt thsaurisẽt, ⁊ ont ꝓpre

1642 2776 965 102 comme ont seculier. Ie m esbays q̃ dieu

599 2825 976 92 tuellemẽt ¶ Saichẽt telz aueugles mõ

1642 2839 965 110 ne leur enuoye l ĩdignaciõ de son ire. Et

595 2892 976 92 dains par les escriptures q̃ dieu a dit a

588 2952 983 102 ceulx qͥ mesprisent ses cõmãdemẽs ⁊ ueu

1638 2903 973 91 q̃ sa fureur ne se extẽt sur tout le monde

1638 2973 966 92 pour la grant abhominaciõ des pexhiez

577 3019 987 148 leut q̃ leꝘs oblatiõs soiẽt prisees Uoꝰ re

1628 3047 979 141 qui se font. Le cõmun peuple a sa cõfiã-
