2777 4228
856 267 782 102 ung pou plꝰ hault la figure prou

849 341 782 92 chainne precedẽte en cheminãt

859 415 765 95 par la mõtaigne trouuay ung

627 221 229 342 U

856 472 775 102 fort de buyssons ⁊ en ycluy ie

630 553 1001 88 uy ung renart qͥ fientoit en la fosse d ũg

627 630 1001 88 texon. Sur lequel estoit escript. Ue qͥ edi-

623 690 1001 95 ficat sibi domũ in iniusticia. Qui sõt les

627 761 997 91 parolles de dieu proferees ꝑ la bouche de

623 831 998 88 hieremie. Lesq̃lz mots ie goustay ꝑ assez

627 884 997 99 longue espace de tẽps. Et en y pẽsant me

627 968 997 85 souuĩt que autreffois i auoye ueu au pro

630 1035 994 92 prietaire que le regnart ayt le texon sur

627 1088 990 95 toutes autres bestes, ⁊ po᷑ le chasser hors

623 1159 994 95 de sa fosse y fait son ordure, qͥ sent si tres-

616 1236 998 88 mal que le texon n y retourne plus ⁊ de-

616 1289 1001 102 meure la fosse au renart, en laquelle il est

620 1370 994 88 apres prins par les chiens. ¶ Par ceste

616 1437 990 88 figure sõt ẽtẽdus trois manieres de gẽs

613 1490 997 109 c est assauoir les ẽuieux, les usuriers, et

616 1564 994 106 les luxurieux qui auiourdhuy gastent

616 1638 768 120 et empunaisissent les maisons.

873 1814 469 127 ¶ Des enuieux.

606 1958 997 120 ¶ Et p̃mieremẽt les ẽuieux qͥ sesiouys-

616 2050 987 81 sẽt du mal de leurs prouchaĩs ⁊ se courou

606 2103 990 92 sent de leur biẽ Et ꝑfas ou ne fas trou-

616 2177 983 88 uent moyẽ de leur faire auoir quelq̃ mõ-

609 2237 990 95 daine aduersite ⁊ souuẽt telz ẽuieux meu

609 2304 983 95 rent ou se diffamẽt a telle poursuyte. Les

606 2378 986 84 experiẽces en sont quotidiẽnes ⁊ les exẽ

609 2448 990 88 ples tous notoires. Pẽsent telz ẽuieux q̃l

606 2508 990 85 fruict leur uiẽt de telles ẽuies fors ꝑtur

602 2564 990 99 baciõ de pensee, maladie de corps, couleur

609 2649 983 88 palle ⁊ extenue, souspirs, tristesse, ĩterio-

606 2712 990 96 re regard hydeux, habondãce de mauuai

599 2772 838 117 ses parolles ⁊ douleur uehemente.

595 2885 941 152 ¶ Dont enuie premierement procede.

599 3023 867 197 ¶ D enuie procede ⁊ premierement

1688 288 976 110 trouuee ꝑ le dyable ennemy de humaine

1691 352 962 116 nature qui fut la p̃miere occasion de no-

1688 415 969 127 stre ruyne, cõbien as tu depuis fait adue

1688 482 969 127 nir de ĩcõueniẽs ẽtre les hõmes. Par toy

1684 549 969 127 abel fut occis ꝑ cayn son frere. Par toy

1684 623 966 106 fut ioseph uendu par ses freres. Par toy

1681 680 976 126 achitoel se pẽdit ⁊ estrãgla. Par toy fut

1681 757 965 116 iesus nostre sauueur flagelle courõne de-

1681 817 888 123 espines, ⁊ mis en croix ou il mourut.

1755 933 852 141 ¶ Le fondemẽt des pechez mortelz

1677 1081 966 123 ¶ Tu es ung peche ĩexcusable ignorãt

1673 1169 970 102 la cause de ta malice d autre nature q̃ les

1670 1236 973 102 autres pechez car l hõme est orgueilleux ꝑ

1670 1303 969 102 ce qͥl a des biẽs de grace, de nature, ou de

1666 1370 977 113 fortune. L homme se courrousse ꝑ ce q̃ on

1663 1433 973 103 luy fait tort. L hõme est gloutõ po᷑ la de

1663 1500 980 117 lice des uiãdes. L hõme est luxurieux ꝑ

1663 1574 973 103 naturelle inclinacion ⁊ pour l attraict des

1663 1645 969 88 fẽmes. L hõe est paresseux ꝑ ce qͥl ayme

1659 1705 977 113 repos, ou par ce qu il est uiel ou gras, et

1659 1768 973 109 l hõme est auaricieux pour la paour q̃ il

1663 1832 965 116 a q̃ les biẽs ne luy faillẽt Mais po᷑quoy

1656 1916 976 99 l homme est ẽuieux on ne le scauroit dire

1666 1966 962 102 fors q̃ cest de sa ꝓpre malice et mauuai-

1659 2050 969 92 stie equipolente a la malice des dyables

1666 2110 955 95 qͥ ne ꝑsecutẽt les chrestiẽs que ꝑ ẽuie car

1663 2180 958 92 ainsi q̃ dit le saigne, enuie est une douleur

1659 2240 966 110 d autruy prouffit Et quelq̃ chose qu il en

1656 2307 972 110 soit l ẽuieux se trouue sur la fin de ses en

1659 2385 962 88 uieuses ẽtreprĩses dolẽt ⁊ courrouce ⁊ fait

1656 2445 965 98 cõme le renart qui est prins par les chiẽs

1652 2519 966 84 en la fosse qu il a ꝑ ẽuie usurpee. ¶ Le-

1652 2572 966 102 uez uoz yeulx enuieux, ⁊ uoꝰ souuiegne

1656 2646 965 91 q̃l fruict est uenu a ung tas de grãs ẽtre

1652 2716 966 92 preneurs uoulãs destituer leurs ꝓches de

1645 2779 969 92 leurs biẽs ⁊ de leurs offices, les aucuns

1656 2846 951 95 desq̃lz auez ueu mourir a la poursuite,

1645 2910 959 95 dõt la chose publicq̃ a este en aucũs lieux

1649 2977 958 88 grãdemẽt ĩtercessee Oncq̃s ẽuie ne ua-

1645 3033 973 176 lut riẽ mais ẽgẽdre ou elle regne diuisiõs
