2824 4257
113 283 983 139 cue l offense par intercessiõs ⁊ prieres ne

113 368 979 118 luy eust este pardonne ¶ Semblablem̃t

124 425 968 124 uous qͥ auez laisse dieu pour prẽdre l ali-

117 496 982 124 ance du dyable et qͥ l auez tãt de foys bla

120 564 979 131 pheme, cõuiẽt auãt l exaulcemẽt de uoz

120 631 979 128 prieres q̃ uoꝰ soyez confes et repartans

120 698 979 132 des offenses ꝑ uoꝰ faictes ⁊ q̃lles uous

127 766 965 131 soient moyẽnant satiffaciõ remises En

120 837 976 120 cores ce fait ie ne scay qͥ pourra pacifier

127 901 972 124 lire de nostre seigñr fors la grandeur de

131 954 961 145 sa misericorde qͥ selon dauid excede toꝰ les

131 1032 965 131 pechez qu on pourroit faire. Ia soit ce q̃

124 1103 975 113 il soit excript en la saĩcte escripture au p̃-

131 1163 961 128 mier chapitre du second liure des roys q̃

131 1230 968 132 hely dist a ses enfans q̃ si q̃lq̃ ung a offẽ

124 1294 979 139 se ung hõme Telle offense se peult paci

134 1365 969 132 fier ꝑ le. moyen de dieu. Qui a puissance

134 1443 972 121 sur les hõmes Mais se quelq̃ ung a bla-

134 1504 976 127 pheme cõtre dieu qͥ est celluy qui pourra

134 1578 969 117 ce blapheme appaiser attẽdu qͥl n est aul-

134 1646 972 117 cun sur dieu. ¶ Si uoꝰ uoulez exẽples

134 1716 972 103 cõme dieu punist ceulx d israel po᷑ leurs

127 1780 986 110 blasphemes Lisez les saĩctes escriptures

134 1851 972 114 ⁊ uoꝰ trouuerez q̃ les princes ⁊ chiefz du

134 1919 965 106 peuple, les anciẽs des maieurs ⁊ seigñrs

134 1972 976 124 furent prisonniers en babilone ⁊ le tẽple

138 2050 975 99 despouille, et le peuple trãsporte en serui-

138 2107 972 124 tute Et quãt ilz furẽt rẽduz en la trãs qͥ

138 2192 972 103 lite de iherusalẽ demourerẽt neantmoĩs

141 2249 969 120 les blaphemateurs tãt q̃ leur generaciõ

145 2323 972 110 dura en la dicte captiuite ⁊ y furent ꝑ sa

149 2412 496 106 soixante et dix ans;

237 2486 891 178 ¶ Des publicq̃s pechez du peuple

188 2653 940 110 Et ia soit ce q̃ blapheme soit trop plus

156 2731 972 96 q̃ suffisant de prouoquer l yre de dieu sur

163 2798 965 96 uous neantmoins estes tant rẽpris d au

159 2862 972 107 tres malices q̃ ie me esbahis cõe la terre

163 2933 972 93 uoꝰ soustiens ⁊ q̃lle ne soit ouuerte pour

166 2997 969 248 uoꝰ angloutir cõe datã ⁊ abirõ qui pour

1145 241 1008 131 une desobeissance furẽt si cuellemẽt pu-

1149 308 1004 138 gniz Car pour parler de uoz estatz parti-

1149 393 1004 107 culieremẽt Et des abuz que par chascun

1149 461 1008 120 iour uous y cõmetez mõ sẽs n y pourroit

1149 525 1000 127 fournir ⁊ moĩs y pourroit ma plume suf

1156 595 1004 121 fire Le laboureur en sa pourete calamite

1156 663 1004 117 misere ⁊ uexaciõ au retour de son labou

1156 730 997 114 rage est prest a mal dire des autres estas

1156 805 1004 110 ⁊ semb[]e a l ouyr ꝑler q̃ dieu luy face tort

1156 872 1001 107 et q̃ tout le mõde luy soit tenu il se glori-

1160 940 1000 110 fie en ce qͥ le maine a perdicion ⁊ se plaint

1160 1018 997 99 de la diuine uisitation Les ouuriers me

1163 1081 990 103 caniques ⁊ marchans abusẽt de leur me

1163 1156 990 99 stier Les ungz en faulx ouurages ⁊ peu

1167 1223 993 96 durables autres en faulx poix ⁊ faul

1163 1291 994 103 ces mesures. Sachẽt pour uerite qͥlz sõt

1167 1365 986 100 autãt larrõs ou plus q̃ ceulx qu on fait

1167 1436 982 96 pẽdre Ilz sont cõtẽs de iurer cinq ou six

1167 1504 979 103 fois le nom de dieu ⁊ de ses sainctz, ⁊ de

1167 1571 982 96 se pariurer pour uẽdre pour cinq solz de

1167 1638 982 100 leur marchãdise ou par auãture ne gai-

1170 1709 987 93 gnerõt six deniers. D autres cõmuns pe

1170 1777 983 99 chez font ilz assez dont ie me taiz, ou ꝓ-

1170 1848 987 85 testacio de plꝰ auãt parler de leurs ma-

1174 1908 983 92 les meschances en aucunes des figures

1177 1975 983 96 qui s ẽsuiuẽt ou l adoptacion se trouuera

1177 2046 987 93 mieulx que cy. Mais pour resolucion de

1177 2114 983 88 la figure s ilz endurẽt aucune aduesrite

1177 2178 980 106 c est par leur faulte Et les queues qu ilz

1184 2256 983 88 sement toꝰ les iours par lesquelles ie en-

1181 2309 986 110 tens les grãs pechez que ordinairement

1181 2387 986 110 ilz cõmettẽt sans estre corrigez ont telle

1188 2458 986 96 ment empunaisy le monde qu il en aura

1184 2529 987 103 a souffrir ⁊ endurer. Et pour garãtir ce

1188 2586 983 99 que i en ay escript. I ay pour moy ihere-

1192 2653 982 103 mie qui dit Que le mons de syonse perist

1188 2724 990 145 par ce que les renars ont chemine ꝑ icel-

1195 2798 131 185 luy.

1908 3114 149 142 u ii
