2824 4257
106 283 983 132 de uiure est iournee en reprouchable maĩ

106 351 968 120 tien et uie tres deshõneste; tellement q̃ i ay

113 411 961 145 grãt paour que la parolle de iob se trou-

109 478 969 146 uera uraye qui dit q̃ les nobles sõt mors

109 560 965 124 et leurs enfans sont innobles; i entendz

109 642 430 124 de uraye noblesse

134 794 206 302 L

329 752 753 127 A secõde partie de la figure sõt

340 830 745 127 renars courans apres cocqs et

344 897 734 124 poulles, par lesq̃lz i ẽtendz gẽs

337 950 741 135 de guerre qui font les pilleries

120 1035 958 128 et rappines dont le peuple se complaint.

124 1092 958 142 Il demanderoye uoulentiers qui en est

117 1160 965 138 cause fors les chiefz de guerre et capitai

120 1238 965 120 nes qui prennent l argent des gaiges de

120 1298 962 135 leurs souldoyers sans leur departir loy-

120 1379 969 118 allement, en les faisant uiure sur le peu

124 1440 762 135 ple dont tout ua mal sur la fin.

234 1560 851 149 ¶ Des faultes qu on fait es arrie

241 1674 198 106 rebans

127 1738 962 174 ¶ A uostre aduis se telz ayment le prĩce

117 1862 972 103 et s ilz sõt dignes d auoir l ordre de cheuale

117 1919 968 113 rie ou d estre nõmez escuiers qͥ ꝓcurẽt plꝰ

117 1983 972 110 leur ꝑticulier ꝓuffit que le biẽ de la cho-

117 2061 965 110 se publicq̃. Doit on faire baniere de telz

113 2132 976 106 nobles, et les laisser iouyr du priuilege ď

117 2199 972 103 noblesse Ne sẽblablemẽt ceulx qͥ ayment

120 2263 965 106 tant les aises de leurs maisons q̃ uoulẽ

120 2334 969 103 tiers les porteroiẽt auecques eulx quãt

117 2412 975 99 ilz uõt en guerre Ilz ne pẽsent poĩt q̃ les

120 2469 972 102 anciẽs nobles ont acqͥs les honneurs et

120 2543 969 92 droictz de noblesse au trauail. De leurs

120 2600 972 96 corps et peril de leurs uies. On n auoit

127 2674 965 89 ãciẽnemẽt acoustume faire ung escuier

131 2735 958 110 s il n estoit p̃mieremẽt trouue en fait sou

124 2809 968 85 ueraine ꝓesse. Et n estoit aucun appelle

124 2862 972 110 aux gaiges d armes s il n estoit hõnestem̃e

127 2933 965 100 prĩs prisonier de sa main. Et maĩtenant

127 2997 969 103 scauoir ceĩdre l espee ⁊ uestir le haubergeõ

127 3068 972 160 fait ung cheualier renõmer. ¶ Les ẽtre

1124 248 1004 113 prĩses sont faictes, le siege assiz, l arriere

1135 312 990 127 bã crie ⁊ le iour assigne pour les chãps te

1135 383 993 113 nir Et les gẽtilz hõmes du pays qͥ uiuẽt

1138 454 987 110 noblemẽt quoy q̃ ce soit usẽt des priuile

1138 517 987 125 ges de noblesse, lesq̃lz deussẽt estre des p̃

1138 599 997 99 miers a cheual ⁊ biẽ armez sont occupez

1138 666 994 114 aux fermes ⁊ autres oeuures mecaniq̃s

1142 723 986 114 et sont les mieulx excusez moyennãt ar

1142 805 990 106 gent qͥlz auãcent au chief et lieutenãt de

1142 865 983 103 l arriere bã qͥ en leur place recoit les enfãs

1142 936 997 106 de quinze ans, ausq̃lz ne ueist iamais ti

1142 1018 997 99 rer espee hors du fourreau Et ꝑ ce moyẽ

1145 1092 997 92 est le prince cõtraint d en auoir des estrã

1149 1160 986 92 ges qui emportẽt l argẽt du royaulme, ⁊

1153 1227 989 96 de ce uient ⁊ ꝓcede la perte dont tous les

1153 1294 769 114 iours les plaintes sont faictes

1270 1411 752 142 ¶ De prouesse de noble cueur

1153 1518 996 163 ¶ A grãt peine exposeroiẽt telz gẽtillas

1149 1638 993 100 tres leurs uies au salut publicq̃ puis q̃

1149 1709 1000 103 pour ung petit de ꝑticulier ꝓuffit ilz en

1153 1773 989 100 durẽt l iniure de laschete ⁊ couardise. Ly-

1156 1851 990 96 sent telz failliz couraiges les ãciẽnes hy

1138 1912 1004 110 stoires ⁊ ilz trouuerõt exẽples a leur cõ-

1149 1979 1000 110 fusion. Et mesmẽt codrus roy des athe

1149 2050 997 113 niẽs qͥ eut responce des dieux q̃ s il mou-

1153 2132 996 92 roit en la bataille des gẽs seroiẽt uicto-

1156 2181 990 96 rieux. Et pour acq̃rir seurete a sa cite, ⁊

1163 2256 976 92 uictoire a sõ peuple chãgea sõ habit roy

1153 2327 989 92 al en uestemẽt de pieton; ⁊ en cest estat se

1160 2401 989 92 mist en la bataille affĩ qͥl y fust plustot

1156 2465 997 89 occis Et finablem̃t fut sa mort racheta

1160 2529 979 99 ble de la ꝯfusiõ de ses subgetz. ¶ Sãson

1156 2600 986 92 le fort pour ꝯfondre les philistins enne-

1160 2667 982 100 mys du peuple d israel abbatir sur eulx ⁊

1160 2738 982 107 sur lui la maisõ ou ilz estoiẽt toꝰ assẽmblez

1156 2813 993 88 Marciꝰ cursius saichãt q̃ ꝓesse de noble

1156 2873 986 99 cueur estoit la plꝰ digne chose q̃ hõe pou

1156 2937 986 113 oit iamais acq̃rir, pour le sauluemẽt de

1167 3011 979 89 la cite de rõe saillit a cheual ⁊ tout arme

1163 3075 990 224 en la tres profonde ouuerture de terre qui
