2802 4251
113 294 968 109 guerres, ꝓces ⁊ fait de plusieurs autres

106 354 972 113 dõmaiges au bien cõmun, Iustice en est

106 425 972 117 ꝑturbee ⁊ police est delaissee ꝑ l enuie des

113 506 954 85 officiers ⁊ administrateurs d icelles qͥ ꝑ

113 563 961 95 despit l ung l autre font les iugemens

109 627 965 95 des ꝓces ou le peuple cõmun est souuent

109 690 958 107 greue ⁊ porte le mal de leur iniqͥte ie n ẽ dy

102 765 969 95 plus fors que une bonne reformacion y

106 843 514 95 seroit tres necessaire

237 931 827 142 ¶ Des usuriers ⁊ acquereurs de

248 1034 425 99 rentes generales

102 1126 976 138 ¶ En laissant le parsus de ceste matiere

109 1218 976 96 d ẽuie aux experimẽtez. Il me adresse a

117 1275 968 113 uoꝰ usuriers ⁊ acq̃reurs de rẽtes gñales

117 1360 968 88 qͥ cuydez celer a dieu ce qͥl uoit clerement

117 1409 968 114 il semble q̃ uoꝰ ignorez sa sapiẽce et puis

117 1480 964 114 sance ⁊ q̃ uoꝰ ne scauez point que toutes

120 1540 961 117 choses tãt passees q̃ aduenir luy sont p̃-

120 1622 965 110 sentes ⁊ qͥl scait entierement noz pensees

120 1693 965 95 et le secret de noz cueurs Uoꝰ cuides cou

120 1746 965 110 urir uoz usures ⁊ les palir soubz umbre

113 1810 968 113 d achapter uingt liures de rente gñale ꝑ

120 1888 968 99 chascun an sur les bies̃ de q̃lq̃ marchant

124 1955 964 103 pour deux cẽs liures une fois paiees et

127 2019 961 117 poͬ faire la paliaciõ luy dõnez t̾nie d ad-

120 2086 968 99 mortir la rẽte iusq̃s a quatre ou cĩq ans

124 2153 961 107 Respõdez messieurs ⁊ me dictes q̃ c est q̃

134 2231 965 85 usure esse pas selõ le philosophe au p̃mi-

124 2288 979 103 et ď ses politiq̃s ung gaing naturellem̃t

131 2359 972 113 ꝓhibe. Uoꝰ scauez assez q̃ il est deffendu

141 2426 969 103 uendre le tẽps qͥ est cõmun a toutes crea

138 2504 965 85 tures ⁊ non plus a l une que a l autre. Ie

141 2564 965 96 uoꝰ demande se uoꝰ uendez pas le tẽps

141 2639 969 81 quãt a la fin des cinq ans q̃ tout uostre

141 2695 972 92 prĩcipal sort uoꝰ est paye par le marchãt

141 2759 969 99 p̃nez de luy pour les attelages cẽt liures

145 2834 972 85 dõt chascune ãnee est uẽdue uingt liures

152 2897 965 92 Pensez uoꝰ faire a dieu barbe de feurre.

148 2954 979 99 Lisez les escriptures ⁊ uoꝰ trouuerez qͥl a

148 3021 983 163 deffẽdu sur toutes choses les usures De

1099 272 975 103 mãdez au roy dauid se les usuriers irõ

1124 350 855 99 en paradis et il uous dira que no :)

1269 471 795 120 ¶ Des usures des gens d eglise

1138 602 961 106 ¶ Et le pis q̃ ie y uoye si est q̃ l eglise est

1127 680 972 99 plꝰ grãt usuriere que les gens laiz. Se

1145 743 961 103 ung gentil hõme bien herite a affaire de

1134 811 983 92 d[]x m[]le frãcz s en aille au chapitre de q̃l

1134 871 976 103 q̃ riche eglise colegialle ou cathedralle ⁊

1138 949 968 85 il les trouuera incõtinẽt a dix pour cent

1134 1009 979 103 Et puis treuue le gẽtil hõme q̃ au bout

1138 1076 972 93 de cinq ou six annees les usures mõtent

1134 1137 979 99 plꝰ q̃ la moictie du fort prĩcipal au moyẽ

1138 1207 983 96 de quoy est ꝯtraint uẽdre ses maisons et

1138 1278 975 96 seigneuries pour en faire le payemẽt ⁊ ꝑ

1138 1349 975 99 succession de tẽps tout se mãgue. Plusi-

1145 1417 976 92 eurs bõnes maisons en sont destruictes ⁊

1145 1480 968 96 plusieurs marchans mys a pourete, les

1152 1544 965 92 usuriers ont leurs maisõs ⁊leurs heri-

1152 1608 969 99 taiges du prouffit qͥ seulement uient des

1156 1689 965 82 usures oultre de principal sort. Et pour

1152 1746 965 103 en ꝑler a la u◌̾ite c est une horreur, ⁊ ne de

1156 1824 968 85 uroient telles gens receuoir les sains sa

1152 1877 972 110 cremẽs de l eglise, ne ap̃s leurs trespas

1152 1955 979 81 estre enterrez en terre saincte; car ilz sont

1159 2012 969 99 excõmuniez par deux ou trois cõsilles.

1159 2082 922 139 Et a tant me tais de plus en rien dire

1319 2206 489 167 ¶ Des luxurieux

1205 2348 940 103 Et pour la fin de la figure ꝑlerons de

1159 2419 986 103 l autre maniere de gens lesq̃lz diffament

1163 2490 979 92 les maisõs de leurs uoisins qͥ sont les lu

1170 2554 979 102 xurieux fornicate᷑s et adulteres De tel

1166 2617 979 103 les gẽs peult on biẽ ꝑler, car il en est plꝰ

1170 2688 986 103 qu il ne fut oncq̃s. les ungz frequẽtãt

1170 2763 979 88 les maisons de leurs uoisins pour diffa

1170 2823 982 103 mer leurs femmes, les autres po᷑ deshõ

1181 2883 989 145 norer leurs filles, ⁊ les autres pour met

1184 2968 635 99 tre a mal leurs seruantes

1322 3032 394 152 ¶ De adultere
