<alto xmlns:xsi="http://www.w3.org/2001/XMLSchema-instance" xmlns="http://www.loc.gov/standards/alto/ns-v4#" xsi:schemaLocation="http://www.loc.gov/standards/alto/ns-v4# http://www.loc.gov/standards/alto/v4/alto-4-2.xsd">
  <Description>
    <MeasurementUnit>pixel</MeasurementUnit>
    <sourceImageInformation>
      <fileName>bpt6k15223596_f24.jpg</fileName>
      
    </sourceImageInformation>
  </Description>
  
  <Tags>
    <OtherTag ID="BT2501" LABEL="DamageZone" DESCRIPTION="block type DamageZone"/><OtherTag ID="BT2502" LABEL="RunningTitleZone" DESCRIPTION="block type RunningTitleZone"/><OtherTag ID="BT2503" LABEL="DigitizationArtefactZone" DESCRIPTION="block type DigitizationArtefactZone"/><OtherTag ID="BT2504" LABEL="DropCapitalZone" DESCRIPTION="block type DropCapitalZone"/><OtherTag ID="BT2505" LABEL="GraphicZone" DESCRIPTION="block type GraphicZone"/><OtherTag ID="BT2506" LABEL="MainZone" DESCRIPTION="block type MainZone"/><OtherTag ID="BT2507" LABEL="MarginTextZone" DESCRIPTION="block type MarginTextZone"/><OtherTag ID="BT2508" LABEL="MusicZone" DESCRIPTION="block type MusicZone"/><OtherTag ID="BT2509" LABEL="NumberingZone" DESCRIPTION="block type NumberingZone"/><OtherTag ID="BT2510" LABEL="QuireMarksZone" DESCRIPTION="block type QuireMarksZone"/><OtherTag ID="BT2511" LABEL="SealZone" DESCRIPTION="block type SealZone"/><OtherTag ID="BT2512" LABEL="StampZone" DESCRIPTION="block type StampZone"/><OtherTag ID="BT2513" LABEL="TableZone" DESCRIPTION="block type TableZone"/><OtherTag ID="BT2514" LABEL="TitlePageZone" DESCRIPTION="block type TitlePageZone"/><OtherTag ID="BT2519" LABEL="MainZone#1" DESCRIPTION="block type MainZone#1"/><OtherTag ID="BT2520" LABEL="MainZone#2" DESCRIPTION="block type MainZone#2"/>
    <OtherTag ID="LT886" LABEL="InterlinearLine" DESCRIPTION="line type InterlinearLine"/><OtherTag ID="LT885" LABEL="MusicLine" DESCRIPTION="line type MusicLine"/><OtherTag ID="LT884" LABEL="HeadingLine" DESCRIPTION="line type HeadingLine"/><OtherTag ID="LT883" LABEL="DropCapitalLine" DESCRIPTION="line type DropCapitalLine"/><OtherTag ID="LT882" LABEL="DefaultLine" DESCRIPTION="line type DefaultLine"/>
  </Tags>
  
  <Layout>
    <Page WIDTH="2760" HEIGHT="4256" PHYSICAL_IMG_NR="3" ID="eSc_dummypage_">
      <PrintSpace HPOS="0" VPOS="0" WIDTH="2760" HEIGHT="4256">
        
        <TextBlock HPOS="602" VPOS="334" WIDTH="1025" HEIGHT="2868" ID="eSc_textblock_2081ad73" TAGREFS="BT2519">
          <Shape><Polygon POINTS="622 341 602 3199 1002 3202 1126 3202 1587 3202 1627 334"/></Shape>
          
        </TextBlock>
        
        <TextBlock HPOS="1644" VPOS="335" WIDTH="1009" HEIGHT="2864" ID="eSc_textblock_310c1661" TAGREFS="BT2520">
          <Shape><Polygon POINTS="1674 335 1644 3186 2639 3199 2643 2409 2653 342"/></Shape>
    
          
          <TextLine ID="line_0" TAGREFS="LT882" BASELINE="642 404 1617 404" HPOS="642" VPOS="315" WIDTH="975" HEIGHT="110">
            <Shape><Polygon POINTS="642 404 642 315 1617 319 1617 404 1617 425 642 425"/></Shape>
	    <String CONTENT="barlet de bouti̾cle osera mieulx portet le" HPOS="642" VPOS="315" WIDTH="975" HEIGHT="110"/>
          </TextLine>

          
          
          <TextLine ID="line_1" TAGREFS="LT882" BASELINE="624 468 1610 475" HPOS="617" VPOS="397" WIDTH="993" HEIGHT="95">
            <Shape><Polygon POINTS="624 468 624 397 1610 411 1610 475 1603 492 617 485"/></Shape>
	    <String CONTENT="satin q̃ n eussẽt au tẽps passe fait les che" HPOS="617" VPOS="397" WIDTH="993" HEIGHT="95"/>
          </TextLine>

          
          
          <TextLine ID="line_2" TAGREFS="LT882" BASELINE="624 542 1614 535" HPOS="617" VPOS="478" WIDTH="997" HEIGHT="89">
            <Shape><Polygon POINTS="624 542 617 485 1603 478 1614 535 1614 567 624 567"/></Shape>
	    <String CONTENT="ualiers. La fẽme d ũg cordouannier sera" HPOS="617" VPOS="478" WIDTH="997" HEIGHT="89"/>
          </TextLine>

          
          
          <TextLine ID="line_3" TAGREFS="LT882" BASELINE="624 610 1610 602" HPOS="620" VPOS="535" WIDTH="990" HEIGHT="99">
            <Shape><Polygon POINTS="624 610 620 535 1603 542 1610 602 1607 634 624 634"/></Shape>
	    <String CONTENT="le dymẽche aussi biẽ paree q̃ la fẽme d ũg" HPOS="620" VPOS="535" WIDTH="990" HEIGHT="99"/>
          </TextLine>

          
          
          <TextLine ID="line_4" TAGREFS="LT882" BASELINE="624 677 1610 670" HPOS="620" VPOS="602" WIDTH="990" HEIGHT="93">
            <Shape><Polygon POINTS="624 677 620 602 1603 606 1610 670 1607 688 624 695"/></Shape>
	    <String CONTENT="p̃sident. Dificille est a cõgnoistre l estat" HPOS="620" VPOS="602" WIDTH="990" HEIGHT="93"/>
          </TextLine>

          
          
          <TextLine ID="line_5" TAGREFS="LT882" BASELINE="624 751 1610 737" HPOS="620" VPOS="673" WIDTH="990" HEIGHT="103">
            <Shape><Polygon POINTS="624 751 620 673 1603 673 1610 737 1607 755 624 776"/></Shape>
	    <String CONTENT="des hõmes a leur habitz ⁊ choisir ung no" HPOS="620" VPOS="673" WIDTH="990" HEIGHT="103"/>
          </TextLine>

          
          
          <TextLine ID="line_6" TAGREFS="LT882" BASELINE="624 819 1610 808" HPOS="617" VPOS="734" WIDTH="993" HEIGHT="106">
            <Shape><Polygon POINTS="624 819 617 751 1599 734 1610 808 1607 840 624 840"/></Shape>
	    <String CONTENT="ble d auecq̃s ung ouurier mecaniq̃ qͥ est" HPOS="617" VPOS="734" WIDTH="993" HEIGHT="106"/>
          </TextLine>

          
          
          <TextLine ID="line_7" TAGREFS="LT882" BASELINE="631 879 1610 886" HPOS="624" VPOS="812" WIDTH="986" HEIGHT="99">
            <Shape><Polygon POINTS="631 879 631 812 1607 815 1610 886 1603 911 624 890"/></Shape>
	    <String CONTENT="ung abuz ⁊ desordre. Celluy qͥ a merite q̃" HPOS="624" VPOS="812" WIDTH="986" HEIGHT="99"/>
          </TextLine>

          
          
          <TextLine ID="line_8" TAGREFS="LT882" BASELINE="627 957 1610 946" HPOS="620" VPOS="879" WIDTH="990" HEIGHT="103">
            <Shape><Polygon POINTS="627 957 620 890 1599 879 1610 946 1607 961 627 982"/></Shape>
	    <String CONTENT="sa prouesse ou grãt sapiẽce estre exaulce" HPOS="620" VPOS="879" WIDTH="990" HEIGHT="103"/>
          </TextLine>

          
          
          <TextLine ID="line_9" TAGREFS="LT882" BASELINE="631 1024 1610 1014" HPOS="624" VPOS="939" WIDTH="986" HEIGHT="107">
            <Shape><Polygon POINTS="631 1024 624 961 1599 939 1610 1014 1607 1042 631 1046"/></Shape>
	    <String CONTENT="ꝑ dessus les autres n est a p̃sent nõ plꝰ pri" HPOS="624" VPOS="939" WIDTH="986" HEIGHT="107"/>
          </TextLine>

          
          
          <TextLine ID="line_10" TAGREFS="LT882" BASELINE="627 1092 1610 1081" HPOS="620" VPOS="1017" WIDTH="990" HEIGHT="100">
            <Shape><Polygon POINTS="627 1092 620 1028 1599 1017 1610 1081 1607 1099 627 1117"/></Shape>
	    <String CONTENT="se q̃ les pusilanimes ⁊ gens de bas estat." HPOS="620" VPOS="1017" WIDTH="990" HEIGHT="100"/>
          </TextLine>

          
          
          <TextLine ID="line_11" TAGREFS="LT882" BASELINE="635 1159 1614 1152" HPOS="627" VPOS="1074" WIDTH="987" HEIGHT="110">
            <Shape><Polygon POINTS="635 1159 627 1092 1603 1074 1614 1152 1610 1177 635 1184"/></Shape>
	    <String CONTENT="Uous uoyez cleremẽt sans autre exẽple" HPOS="627" VPOS="1074" WIDTH="987" HEIGHT="110"/>
          </TextLine>

          
          
          <TextLine ID="line_12" TAGREFS="LT882" BASELINE="631 1227 1610 1216" HPOS="627" VPOS="1152" WIDTH="983" HEIGHT="96">
            <Shape><Polygon POINTS="631 1227 627 1152 1603 1152 1610 1216 1607 1234 631 1248"/></Shape>
	    <String CONTENT="q̃ les estatz de cõmun peuple sõt au iour-" HPOS="627" VPOS="1152" WIDTH="983" HEIGHT="96"/>
          </TextLine>

          
          
          <TextLine ID="line_13" TAGREFS="LT882" BASELINE="627 1294 1614 1287" HPOS="620" VPOS="1220" WIDTH="994" HEIGHT="88">
            <Shape><Polygon POINTS="627 1294 620 1223 1603 1220 1614 1287 1610 1301 627 1308"/></Shape>
	    <String CONTENT="duy cause de leur destructiõ. Ung coutu-" HPOS="620" VPOS="1220" WIDTH="994" HEIGHT="88"/>
          </TextLine>

          
          
          <TextLine ID="line_14" TAGREFS="LT882" BASELINE="631 1361 1614 1354" HPOS="624" VPOS="1290" WIDTH="990" HEIGHT="96">
            <Shape><Polygon POINTS="631 1361 624 1298 1603 1290 1614 1354 1610 1372 631 1386"/></Shape>
	    <String CONTENT="rier qͥ aura cẽt frãs ꝯtanz, s il a femme ⁊" HPOS="624" VPOS="1290" WIDTH="990" HEIGHT="96"/>
          </TextLine>

          
          
          <TextLine ID="line_15" TAGREFS="LT882" BASELINE="627 1429 1614 1422" HPOS="624" VPOS="1351" WIDTH="990" HEIGHT="99">
            <Shape><Polygon POINTS="627 1429 624 1351 1607 1351 1614 1422 1610 1450 627 1450"/></Shape>
	    <String CONTENT="enfãs il ẽploiera biẽ pour les ueste nẽsde" HPOS="624" VPOS="1351" WIDTH="990" HEIGHT="99"/>
          </TextLine>

          
          
          <TextLine ID="line_16" TAGREFS="LT882" BASELINE="631 1496 1614 1489" HPOS="624" VPOS="1422" WIDTH="990" HEIGHT="92">
            <Shape><Polygon POINTS="631 1496 624 1436 1603 1422 1614 1489 1610 1514 627 1507"/></Shape>
	    <String CONTENT="luy ⁊ son mesnaige ⁊ pour l ẽtretenement" HPOS="624" VPOS="1422" WIDTH="990" HEIGHT="92"/>
          </TextLine>

          
          
          <TextLine ID="line_17" TAGREFS="LT882" BASELINE="627 1564 1610 1556" HPOS="624" VPOS="1489" WIDTH="986" HEIGHT="96">
            <Shape><Polygon POINTS="627 1564 624 1489 1603 1493 1610 1556 1607 1571 627 1585"/></Shape>
	    <String CONTENT="de sa maisõ qͥ doit estre selõ l estat toute la" HPOS="624" VPOS="1489" WIDTH="986" HEIGHT="96"/>
          </TextLine>

          
          
          <TextLine ID="line_18" TAGREFS="LT882" BASELINE="627 1631 1607 1620" HPOS="620" VPOS="1553" WIDTH="987" HEIGHT="96">
            <Shape><Polygon POINTS="627 1631 620 1560 1596 1553 1607 1620 1603 1638 627 1649"/></Shape>
	    <String CONTENT="somme, damas ⁊ satin pour luy, ⁊ escar-" HPOS="620" VPOS="1553" WIDTH="987" HEIGHT="96"/>
          </TextLine>

          
          
          <TextLine ID="line_19" TAGREFS="LT882" BASELINE="627 1695 1603 1688" HPOS="620" VPOS="1617" WIDTH="983" HEIGHT="106">
            <Shape><Polygon POINTS="627 1695 620 1624 1592 1617 1603 1688 1599 1716 627 1723"/></Shape>
	    <String CONTENT="late pour sa fẽme ne luy sõt q̃ cõmũs ue" HPOS="620" VPOS="1617" WIDTH="983" HEIGHT="106"/>
          </TextLine>

          
          
          <TextLine ID="line_20" TAGREFS="LT882" BASELINE="627 1766 1610 1766" HPOS="627" VPOS="1695" WIDTH="983" HEIGHT="88">
            <Shape><Polygon POINTS="627 1766 627 1695 1610 1695 1610 1766 1610 1780 627 1783"/></Shape>
	    <String CONTENT="stemẽs. Et puis se esbahist q̃ son argent" HPOS="627" VPOS="1695" WIDTH="983" HEIGHT="88"/>
          </TextLine>

          
          
          <TextLine ID="line_21" TAGREFS="LT882" BASELINE="624 1833 1607 1826" HPOS="613" VPOS="1752" WIDTH="994" HEIGHT="102">
            <Shape><Polygon POINTS="624 1833 613 1755 1596 1752 1607 1826 1599 1854 620 1847"/></Shape>
	    <String CONTENT="est deuenu, ⁊ se plaint en disant q̃ iamais" HPOS="613" VPOS="1752" WIDTH="994" HEIGHT="102"/>
          </TextLine>

          
          
          <TextLine ID="line_22" TAGREFS="LT882" BASELINE="624 1901 1603 1901" HPOS="620" VPOS="1830" WIDTH="983" HEIGHT="92">
            <Shape><Polygon POINTS="624 1901 620 1833 1599 1830 1603 1901 1603 1918 624 1922"/></Shape>
	    <String CONTENT="ne fut si morte saisõ, ⁊ que les gaings sõt" HPOS="620" VPOS="1830" WIDTH="983" HEIGHT="92"/>
          </TextLine>

          
          
          <TextLine ID="line_23" TAGREFS="LT882" BASELINE="624 1964 1607 1964" HPOS="620" VPOS="1893" WIDTH="987" HEIGHT="100">
            <Shape><Polygon POINTS="624 1964 620 1897 1603 1893 1607 1964 1607 1979 624 1993"/></Shape>
	    <String CONTENT="plus petis qͥlz ne furẽt oncq̃s et qu on ne" HPOS="620" VPOS="1893" WIDTH="987" HEIGHT="100"/>
          </TextLine>

          
          
          <TextLine ID="line_24" TAGREFS="LT882" BASELINE="627 2035 1610 2028" HPOS="620" VPOS="1950" WIDTH="990" HEIGHT="110">
            <Shape><Polygon POINTS="627 2035 620 1971 1599 1950 1610 2028 1607 2060 627 2060"/></Shape>
	    <String CONTENT="gaigne plus tant que on souloit, mais il" HPOS="620" VPOS="1950" WIDTH="990" HEIGHT="110"/>
          </TextLine>

          
          
          <TextLine ID="line_25" TAGREFS="LT882" BASELINE="624 2103 1610 2103" HPOS="624" VPOS="2039" WIDTH="986" HEIGHT="92">
            <Shape><Polygon POINTS="624 2103 624 2039 1610 2039 1610 2103 1610 2131 624 2131"/></Shape>
	    <String CONTENT="ne pense pas q̃ la põpe des estatz emporte" HPOS="624" VPOS="2039" WIDTH="986" HEIGHT="92"/>
          </TextLine>

          
          
          <TextLine ID="line_26" TAGREFS="LT882" BASELINE="627 2163 1603 2170" HPOS="624" VPOS="2088" WIDTH="979" HEIGHT="110">
            <Shape><Polygon POINTS="627 2163 627 2088 1603 2106 1603 2170 1599 2181 1181 2198 1177 2198 1174 2198 1113 2181 1110 2181 624 2181"/></Shape>
	    <String CONTENT="tout le gaing ⁊ tout ce qu on deuoit met-" HPOS="624" VPOS="2088" WIDTH="979" HEIGHT="110"/>
          </TextLine>

          
          
          <TextLine ID="line_27" TAGREFS="LT882" BASELINE="624 2230 1603 2230" HPOS="620" VPOS="2156" WIDTH="983" HEIGHT="99">
            <Shape><Polygon POINTS="624 2230 624 2156 1603 2156 1603 2230 1599 2255 620 2248"/></Shape>
	    <String CONTENT="tre en reserue s en ua hors du reaulme en" HPOS="620" VPOS="2156" WIDTH="983" HEIGHT="99"/>
          </TextLine>

          
          
          <TextLine ID="line_28" TAGREFS="LT882" BASELINE="624 2301 1607 2301" HPOS="624" VPOS="2223" WIDTH="983" HEIGHT="103">
            <Shape><Polygon POINTS="624 2301 624 2223 1607 2237 1607 2301 1607 2323 624 2326"/></Shape>
	    <String CONTENT="damas satin ⁊ ueloux. Aussi dieu qͥ haye" HPOS="624" VPOS="2223" WIDTH="983" HEIGHT="103"/>
          </TextLine>

          
          
          <TextLine ID="line_29" TAGREFS="LT882" BASELINE="624 2369 1607 2369" HPOS="620" VPOS="2298" WIDTH="987" HEIGHT="103">
            <Shape><Polygon POINTS="624 2369 620 2305 1603 2298 1607 2369 1607 2394 624 2401"/></Shape>
	    <String CONTENT="plus orgueil q̃ tous les autres uices per" HPOS="620" VPOS="2298" WIDTH="987" HEIGHT="103"/>
          </TextLine>

          
          
          <TextLine ID="line_30" TAGREFS="LT882" BASELINE="624 2425 1599 2436" HPOS="617" VPOS="2369" WIDTH="982" HEIGHT="95">
            <Shape><Polygon POINTS="624 2425 624 2369 1596 2369 1599 2436 1592 2464 617 2443"/></Shape>
	    <String CONTENT="met qu il soit si peu d argẽt q̃ uous soyez" HPOS="617" VPOS="2369" WIDTH="982" HEIGHT="95"/>
          </TextLine>

          
          
          <TextLine ID="line_31" TAGREFS="LT882" BASELINE="624 2496 1599 2503" HPOS="617" VPOS="2422" WIDTH="982" HEIGHT="106">
            <Shape><Polygon POINTS="624 2496 624 2422 1596 2440 1599 2503 1592 2528 617 2511"/></Shape>
	    <String CONTENT="contrains laisser tous ces estatz, ⁊ uiure" HPOS="617" VPOS="2422" WIDTH="982" HEIGHT="106"/>
          </TextLine>

          
          
          <TextLine ID="line_32" TAGREFS="LT882" BASELINE="620 2567 1468 2574" HPOS="613" VPOS="2489" WIDTH="855" HEIGHT="124">
            <Shape><Polygon POINTS="620 2567 620 2489 1468 2500 1468 2574 1465 2596 1046 2613 1042 2613 613 2589"/></Shape>
	    <String CONTENT="⁊ uous contenir en toute humilite." HPOS="613" VPOS="2489" WIDTH="855" HEIGHT="124"/>
          </TextLine>

          
          
          <TextLine ID="line_33" TAGREFS="LT884" BASELINE="763 2713 1521 2706" HPOS="755" VPOS="2599" WIDTH="763" HEIGHT="163">
            <Shape><Polygon POINTS="762 2709 755 2599 943 2603 943 2603 943 2603 947 2603 947 2603 947 2603 950 2603 950 2603 950 2606 975 2628 1511 2628 1518 2702 1514 2738 1199 2738 1163 2748 1131 2759 1128 2759 1128 2759 1128 2759 1124 2759 1124 2759 1057 2752 908 2738 762 2762"/></Shape>
	    <String CONTENT="¶ Des blasphemes du peuple" HPOS="755" VPOS="2599" WIDTH="763" HEIGHT="163"/>
          </TextLine>

          
          
          <TextLine ID="line_34" TAGREFS="LT882" BASELINE="621 2841 1603 2837" HPOS="613" VPOS="2752" WIDTH="986" HEIGHT="104">
            <Shape><Polygon POINTS="620 2840 613 2755 862 2777 1191 2777 1202 2766 1216 2752 1220 2752 1223 2752 1227 2752 1592 2773 1599 2833 1592 2849 617 2856"/></Shape>
	    <String CONTENT="¶ La tierce ⁊ prĩcipale chose qui indigne" HPOS="613" VPOS="2752" WIDTH="986" HEIGHT="104"/>
          </TextLine>

          
          
          <TextLine ID="line_35" TAGREFS="LT882" BASELINE="620 2904 1599 2911" HPOS="613" VPOS="2844" WIDTH="986" HEIGHT="85">
            <Shape><Polygon POINTS="620 2904 620 2844 1596 2851 1599 2911 1592 2929 613 2926"/></Shape>
	    <String CONTENT="dien cõtre uoꝰ ⁊ qui uous p̃pare flael de" HPOS="613" VPOS="2844" WIDTH="986" HEIGHT="85"/>
          </TextLine>

          
          
          <TextLine ID="line_36" TAGREFS="LT882" BASELINE="620 2979 1596 2972" HPOS="617" VPOS="2908" WIDTH="979" HEIGHT="92">
            <Shape><Polygon POINTS="620 2979 617 2908 1589 2908 1596 2972 1592 2993 620 3000"/></Shape>
	    <String CONTENT="plus austere persecucion, sont les blaphe" HPOS="617" VPOS="2908" WIDTH="979" HEIGHT="92"/>
          </TextLine>

          
          
          <TextLine ID="line_37" TAGREFS="LT882" BASELINE="620 3043 1599 3043" HPOS="620" VPOS="2975" WIDTH="979" HEIGHT="96">
            <Shape><Polygon POINTS="620 3043 620 2975 1599 2982 1599 3043 1599 3060 620 3071"/></Shape>
	    <String CONTENT="mes que uous faictes ordinairemẽt cõe" HPOS="620" VPOS="2975" WIDTH="979" HEIGHT="96"/>
          </TextLine>

          
          
          <TextLine ID="line_38" TAGREFS="LT882" BASELINE="620 3103 1596 3110" HPOS="613" VPOS="3035" WIDTH="983" HEIGHT="103">
            <Shape><Polygon POINTS="620 3103 617 3043 1592 3035 1596 3110 1589 3138 613 3131"/></Shape>
	    <String CONTENT="gens deliberez de ꝑsecuter dieu, car chscũ" HPOS="613" VPOS="3035" WIDTH="983" HEIGHT="103"/>
          </TextLine>

          
          
          <TextLine ID="line_39" TAGREFS="LT882" BASELINE="624 3174 1592 3167" HPOS="617" VPOS="3113" WIDTH="975" HEIGHT="174">
            <Shape><Polygon POINTS="624 3174 617 3121 1582 3113 1592 3167 1585 3280 1507 3270 1504 3270 1500 3270 1500 3266 1458 3231 1216 3231 1163 3266 1160 3266 1156 3266 1152 3266 1149 3266 1145 3266 1117 3248 911 3277 908 3277 904 3277 851 3252 819 3277 815 3277 812 3277 624 3287"/></Shape>
	    <String CONTENT="le blaspheme ⁊ despite. L ung iure le corps" HPOS="617" VPOS="3113" WIDTH="975" HEIGHT="174"/>
          </TextLine>

          
          
          <TextLine ID="line_40" TAGREFS="LT882" BASELINE="1670 404 2646 418" HPOS="1663" VPOS="329" WIDTH="983" HEIGHT="110">
            <Shape><Polygon POINTS="1670 404 1667 333 2642 329 2646 418 2639 439 1663 414"/></Shape>
	    <String CONTENT="l autre la teste, l autre, le uentre, l autre les" HPOS="1663" VPOS="329" WIDTH="983" HEIGHT="110"/>
          </TextLine>

          
          
          <TextLine ID="line_41" TAGREFS="LT882" BASELINE="1677 468 2639 485" HPOS="1670" VPOS="400" WIDTH="969" HEIGHT="107">
            <Shape><Polygon POINTS="1677 468 1677 400 2635 418 2639 485 2632 507 1670 489"/></Shape>
	    <String CONTENT="yeulx, l autre le regnie, l autre le despite" HPOS="1670" VPOS="400" WIDTH="969" HEIGHT="107"/>
          </TextLine>

          
          
          <TextLine ID="line_42" TAGREFS="LT882" BASELINE="1685 542 2632 549" HPOS="1677" VPOS="468" WIDTH="955" HEIGHT="106">
            <Shape><Polygon POINTS="1685 542 1685 468 2628 475 2632 549 2625 574 1677 553"/></Shape>
	    <String CONTENT="uoyre autãt le petit cõe le grãt, ⁊ tout ꝑ" HPOS="1677" VPOS="468" WIDTH="955" HEIGHT="106"/>
          </TextLine>

          
          
          <TextLine ID="line_43" TAGREFS="LT882" BASELINE="1681 606 2639 617" HPOS="1674" VPOS="542" WIDTH="965" HEIGHT="96">
            <Shape><Polygon POINTS="1681 606 1677 546 2632 542 2639 617 2632 638 1674 624"/></Shape>
	    <String CONTENT="une deshordonee coustume. I ay ueu l ẽ" HPOS="1674" VPOS="542" WIDTH="965" HEIGHT="96"/>
          </TextLine>

          
          
          <TextLine ID="line_44" TAGREFS="LT882" BASELINE="1677 673 2639 688" HPOS="1670" VPOS="599" WIDTH="969" HEIGHT="110">
            <Shape><Polygon POINTS="1677 673 1677 599 2635 617 2639 688 2632 709 1670 698"/></Shape>
	    <String CONTENT="fantde dix ans iurer sans hõte a l exẽple" HPOS="1670" VPOS="599" WIDTH="969" HEIGHT="110"/>
          </TextLine>

          
          
          <TextLine ID="line_45" TAGREFS="LT882" BASELINE="1677 744 2639 751" HPOS="1667" VPOS="680" WIDTH="972" HEIGHT="103">
            <Shape><Polygon POINTS="1677 744 1677 680 2635 688 2639 751 2635 783 1752 783 1748 780 1745 780 1667 758"/></Shape>
	    <String CONTENT="de sõ pere le sãg ⁊ la uertu de dieu pupliq̃-" HPOS="1667" VPOS="680" WIDTH="972" HEIGHT="103"/>
          </TextLine>

          
          
          <TextLine ID="line_46" TAGREFS="LT882" BASELINE="1677 812 2632 822" HPOS="1670" VPOS="751" WIDTH="962" HEIGHT="86">
            <Shape><Polygon POINTS="1677 812 1677 751 2628 755 2632 822 2625 837 1670 826"/></Shape>
	    <String CONTENT="ment, esse par horreur ⁊ chose trop espou-" HPOS="1670" VPOS="751" WIDTH="962" HEIGHT="86"/>
          </TextLine>

          
          
          <TextLine ID="line_47" TAGREFS="LT882" BASELINE="1677 883 2646 893" HPOS="1670" VPOS="801" WIDTH="976" HEIGHT="121">
            <Shape><Polygon POINTS="1677 883 1677 801 2323 826 2639 812 2646 893 2639 922 1670 897"/></Shape>
	    <String CONTENT="entable. O frãcoys frãcoys uoꝰ uou-" HPOS="1670" VPOS="801" WIDTH="976" HEIGHT="121"/>
          </TextLine>

          
          
          <TextLine ID="line_48" TAGREFS="LT882" BASELINE="1677 954 2642 957" HPOS="1670" VPOS="876" WIDTH="972" HEIGHT="102">
            <Shape><Polygon POINTS="1677 954 1677 876 2639 897 2642 957 2635 978 1670 968"/></Shape>
	    <String CONTENT="lez estre renõmez cresties̃, ⁊ telz estes re-" HPOS="1670" VPOS="876" WIDTH="972" HEIGHT="102"/>
          </TextLine>

          
          
          <TextLine ID="line_49" TAGREFS="LT882" BASELINE="1677 1017 2642 1032" HPOS="1670" VPOS="943" WIDTH="972" HEIGHT="110">
            <Shape><Polygon POINTS="1677 1017 1677 943 2639 964 2642 1032 2635 1053 1670 1032"/></Shape>
	    <String CONTENT="putez, mais c est a faulces ẽseignes, car" HPOS="1670" VPOS="943" WIDTH="972" HEIGHT="110"/>
          </TextLine>

          
          
          <TextLine ID="line_50" TAGREFS="LT882" BASELINE="1674 1088 2639 1092" HPOS="1667" VPOS="1017" WIDTH="972" HEIGHT="93">
            <Shape><Polygon POINTS="1674 1088 1674 1017 2635 1024 2639 1092 2632 1110 1667 1106"/></Shape>
	    <String CONTENT="le bõ gẽdarme iamais ne regnie sõ capi-" HPOS="1667" VPOS="1017" WIDTH="972" HEIGHT="93"/>
          </TextLine>

          
          
          <TextLine ID="line_51" TAGREFS="LT882" BASELINE="1677 1156 2639 1159" HPOS="1674" VPOS="1081" WIDTH="965" HEIGHT="92">
            <Shape><Polygon POINTS="1677 1156 1677 1081 2635 1088 2639 1159 2635 1170 1674 1173"/></Shape>
	    <String CONTENT="taine, nõ fait pas le bõ seruiteur sõ mai-" HPOS="1674" VPOS="1081" WIDTH="965" HEIGHT="92"/>
          </TextLine>

          
          
          <TextLine ID="line_52" TAGREFS="LT882" BASELINE="1674 1220 2639 1227" HPOS="1670" VPOS="1149" WIDTH="969" HEIGHT="102">
            <Shape><Polygon POINTS="1674 1220 1674 1149 2635 1166 2639 1227 2635 1251 1670 1251"/></Shape>
	    <String CONTENT="stre. Ou pecez uoꝰ frãcoys, ou sõt uoz" HPOS="1670" VPOS="1149" WIDTH="969" HEIGHT="102"/>
          </TextLine>

          
          
          <TextLine ID="line_53" TAGREFS="LT882" BASELINE="1674 1287 2632 1294" HPOS="1667" VPOS="1223" WIDTH="965" HEIGHT="92">
            <Shape><Polygon POINTS="1674 1287 1674 1223 2628 1227 2632 1294 2625 1315 1667 1308"/></Shape>
	    <String CONTENT="beaulx ẽtẽdemẽs diuertiz. Cuydez uoꝰ" HPOS="1667" VPOS="1223" WIDTH="965" HEIGHT="92"/>
          </TextLine>

          
          
          <TextLine ID="line_54" TAGREFS="LT882" BASELINE="1677 1354 2639 1365" HPOS="1670" VPOS="1283" WIDTH="969" HEIGHT="96">
            <Shape><Polygon POINTS="1677 1354 1677 1283 2635 1294 2639 1365 2632 1379 1670 1369"/></Shape>
	    <String CONTENT="ouoit ayde de ceulx q̃ uoꝰ mesprisez ⁊ bla" HPOS="1670" VPOS="1283" WIDTH="969" HEIGHT="96"/>
          </TextLine>

          
          
          <TextLine ID="line_55" TAGREFS="LT882" BASELINE="1674 1422 2642 1432" HPOS="1667" VPOS="1344" WIDTH="975" HEIGHT="113">
            <Shape><Polygon POINTS="1674 1422 1674 1344 2642 1361 2642 1432 2635 1457 1667 1447"/></Shape>
	    <String CONTENT="phemez. ¶ Uoꝰ osez uoꝰ biẽ nõmer serui" HPOS="1667" VPOS="1344" WIDTH="975" HEIGHT="113"/>
          </TextLine>

          
          
          <TextLine ID="line_56" TAGREFS="LT882" BASELINE="1674 1496 2639 1496" HPOS="1674" VPOS="1425" WIDTH="965" HEIGHT="103">
            <Shape><Polygon POINTS="1674 1496 1674 1425 2639 1432 2639 1496 2639 1528 1674 1528"/></Shape>
	    <String CONTENT="teirs de celluy q̃ uous regniez ⁊ detestez" HPOS="1674" VPOS="1425" WIDTH="965" HEIGHT="103"/>
          </TextLine>

          
          
          <TextLine ID="line_57" TAGREFS="LT882" BASELINE="1674 1560 2635 1567" HPOS="1670" VPOS="1493" WIDTH="965" HEIGHT="88">
            <Shape><Polygon POINTS="1674 1560 1674 1493 2632 1500 2635 1567 2632 1578 1670 1581"/></Shape>
	    <String CONTENT="Ie uoꝰ nõmeroye plus tost seruiteurs de" HPOS="1670" VPOS="1493" WIDTH="965" HEIGHT="88"/>
          </TextLine>

          
          
          <TextLine ID="line_58" TAGREFS="LT882" BASELINE="1674 1627 2635 1635" HPOS="1670" VPOS="1560" WIDTH="965" HEIGHT="92">
            <Shape><Polygon POINTS="1674 1627 1670 1564 2628 1560 2635 1635 2632 1652 1670 1652"/></Shape>
	    <String CONTENT="lucifer ⁊ ces cõplices, attendu que uous" HPOS="1670" VPOS="1560" WIDTH="965" HEIGHT="92"/>
          </TextLine>

          
          
          <TextLine ID="line_59" TAGREFS="LT882" BASELINE="1674 1691 2632 1698" HPOS="1670" VPOS="1624" WIDTH="962" HEIGHT="113">
            <Shape><Polygon POINTS="1674 1691 1674 1624 2628 1624 2632 1698 2628 1737 2192 1737 2188 1734 2185 1734 2181 1734 2149 1716 1670 1727"/></Shape>
	    <String CONTENT="faictes ce qͥl uoꝰ cõmãde ⁊ qͥl uoꝰ mespri" HPOS="1670" VPOS="1624" WIDTH="962" HEIGHT="113"/>
          </TextLine>

          
          
          <TextLine ID="line_60" TAGREFS="LT882" BASELINE="1670 1762 2632 1769" HPOS="1663" VPOS="1702" WIDTH="969" HEIGHT="81">
            <Shape><Polygon POINTS="1670 1762 1670 1702 2628 1713 2632 1769 2625 1783 1663 1776"/></Shape>
	    <String CONTENT="sez dieu ⁊ ses cõmandemẽs. Et quãt q̃l-" HPOS="1663" VPOS="1702" WIDTH="969" HEIGHT="81"/>
          </TextLine>

          
          
          <TextLine ID="line_61" TAGREFS="LT882" BASELINE="1670 1837 2632 1830" HPOS="1663" VPOS="1766" WIDTH="969" HEIGHT="88">
            <Shape><Polygon POINTS="1670 1837 1663 1769 2621 1766 2632 1830 2628 1851 1670 1854"/></Shape>
	    <String CONTENT="que petite aduersite uous suruiẽt uous" HPOS="1663" VPOS="1766" WIDTH="969" HEIGHT="88"/>
          </TextLine>

          
          
          <TextLine ID="line_62" TAGREFS="LT882" BASELINE="1677 1897 2632 1904" HPOS="1670" VPOS="1826" WIDTH="962" HEIGHT="106">
            <Shape><Polygon POINTS="1677 1897 1677 1826 2628 1826 2632 1904 2625 1932 1670 1915"/></Shape>
	    <String CONTENT="uous rendez a dieu et luy demãdez ayde" HPOS="1670" VPOS="1826" WIDTH="962" HEIGHT="106"/>
          </TextLine>

          
          
          <TextLine ID="line_63" TAGREFS="LT882" BASELINE="1670 1964 2632 1971" HPOS="1667" VPOS="1893" WIDTH="965" HEIGHT="96">
            <Shape><Polygon POINTS="1670 1964 1670 1893 2632 1911 2632 1971 2628 1986 1667 1989"/></Shape>
	    <String CONTENT="et secours cõe s il estoit par necessite tenu" HPOS="1667" VPOS="1893" WIDTH="965" HEIGHT="96"/>
          </TextLine>

          
          
          <TextLine ID="line_64" TAGREFS="LT882" BASELINE="1677 2028 2625 2035" HPOS="1674" VPOS="1964" WIDTH="951" HEIGHT="100">
            <Shape><Polygon POINTS="1677 2028 1677 1964 2621 1968 2625 2035 2621 2053 1674 2064"/></Shape>
	    <String CONTENT="uoꝰ secourir ⁊ ayder. Dictes moy s il uoꝰ" HPOS="1674" VPOS="1964" WIDTH="951" HEIGHT="100"/>
          </TextLine>

          
          
          <TextLine ID="line_65" TAGREFS="LT882" BASELINE="1674 2099 2628 2106" HPOS="1670" VPOS="2032" WIDTH="958" HEIGHT="96">
            <Shape><Polygon POINTS="1674 2099 1670 2042 2621 2032 2628 2106 2625 2120 1670 2128"/></Shape>
	    <String CONTENT="paist q̃ uous luy auez dõne pour uostre" HPOS="1670" VPOS="2032" WIDTH="958" HEIGHT="96"/>
          </TextLine>

          
          
          <TextLine ID="line_66" TAGREFS="LT882" BASELINE="1674 2174 2632 2174" HPOS="1667" VPOS="2096" WIDTH="965" HEIGHT="99">
            <Shape><Polygon POINTS="1674 2174 1667 2117 1709 2096 1713 2096 1717 2096 2192 2106 2593 2113 2621 2096 2632 2174 2628 2195 1670 2188"/></Shape>
	    <String CONTENT="creacion et redẽption ⁊ en quel paiement" HPOS="1667" VPOS="2096" WIDTH="965" HEIGHT="99"/>
          </TextLine>

          
          
          <TextLine ID="line_67" TAGREFS="LT882" BASELINE="1681 2230 2628 2241" HPOS="1674" VPOS="2167" WIDTH="954" HEIGHT="92">
            <Shape><Polygon POINTS="1681 2230 1681 2167 2628 2167 2628 2241 2621 2259 1674 2255"/></Shape>
	    <String CONTENT="uous auez recõgneu les grãs biẽs qͥl uoꝰ" HPOS="1674" VPOS="2167" WIDTH="954" HEIGHT="92"/>
          </TextLine>

          
          
          <TextLine ID="line_68" TAGREFS="LT882" BASELINE="1674 2308 2621 2301" HPOS="1667" VPOS="2234" WIDTH="954" HEIGHT="99">
            <Shape><Polygon POINTS="1674 2308 1667 2248 2611 2234 2621 2301 2618 2326 1674 2333"/></Shape>
	    <String CONTENT="a faiz, pẽsez uoꝰ q̃ uoz beaulx yeulx in" HPOS="1667" VPOS="2234" WIDTH="954" HEIGHT="99"/>
          </TextLine>

          
          
          <TextLine ID="line_69" TAGREFS="LT882" BASELINE="1670 2376 2618 2369" HPOS="1660" VPOS="2294" WIDTH="958" HEIGHT="100">
            <Shape><Polygon POINTS="1670 2376 1660 2305 2607 2294 2618 2369 2614 2386 1670 2394"/></Shape>
	    <String CONTENT="continẽt apres uostre priere faicte il uoꝰ" HPOS="1660" VPOS="2294" WIDTH="958" HEIGHT="100"/>
          </TextLine>

          
          
          <TextLine ID="line_70" TAGREFS="LT882" BASELINE="1670 2443 2635 2443" HPOS="1670" VPOS="2369" WIDTH="965" HEIGHT="99">
            <Shape><Polygon POINTS="1670 2443 1670 2369 2635 2379 2635 2443 2635 2461 1670 2468"/></Shape>
	    <String CONTENT="exaulce. Cuidez uoꝰ qu il uous ꝑdonne" HPOS="1670" VPOS="2369" WIDTH="965" HEIGHT="99"/>
          </TextLine>

          
          
          <TextLine ID="line_71" TAGREFS="LT882" BASELINE="1670 2511 2632 2500" HPOS="1663" VPOS="2429" WIDTH="969" HEIGHT="110">
            <Shape><Polygon POINTS="1670 2511 1663 2450 2621 2429 2632 2500 2628 2528 1670 2539"/></Shape>
	    <String CONTENT="pour luy cryer misericorde l espee au poĩg" HPOS="1663" VPOS="2429" WIDTH="969" HEIGHT="110"/>
          </TextLine>

          
          
          <TextLine ID="line_72" TAGREFS="LT882" BASELINE="1670 2578 2628 2567" HPOS="1663" VPOS="2507" WIDTH="965" HEIGHT="99">
            <Shape><Polygon POINTS="1670 2578 1663 2514 2618 2507 2628 2567 2625 2589 1670 2606"/></Shape>
	    <String CONTENT="Ie uoꝰ demãde se le roy auoit qͥlq̃ grãt" HPOS="1663" VPOS="2507" WIDTH="965" HEIGHT="99"/>
          </TextLine>

          
          
          <TextLine ID="line_73" TAGREFS="LT882" BASELINE="1670 2645 2628 2638" HPOS="1663" VPOS="2571" WIDTH="965" HEIGHT="103">
            <Shape><Polygon POINTS="1670 2645 1663 2581 2618 2571 2628 2638 2625 2656 1670 2674"/></Shape>
	    <String CONTENT="aduersite que tous les iours le guerriast" HPOS="1663" VPOS="2571" WIDTH="965" HEIGHT="103"/>
          </TextLine>

          
          
          <TextLine ID="line_74" TAGREFS="LT882" BASELINE="1670 2713 2628 2699" HPOS="1663" VPOS="2628" WIDTH="965" HEIGHT="117">
            <Shape><Polygon POINTS="1670 2713 1663 2652 2618 2628 2628 2699 2625 2723 1670 2745"/></Shape>
	    <String CONTENT="⁊ quelq̃ ung de ses archiers ou seruiteurs" HPOS="1663" VPOS="2628" WIDTH="965" HEIGHT="117"/>
          </TextLine>

          
          
          <TextLine ID="line_75" TAGREFS="LT882" BASELINE="1667 2780 2625 2766" HPOS="1656" VPOS="2702" WIDTH="969" HEIGHT="99">
            <Shape><Polygon POINTS="1667 2780 1656 2723 1880 2702 1883 2702 2611 2709 2625 2766 2625 2787 1667 2801"/></Shape>
	    <String CONTENT="eust laisse sõ seruice pour aller seruir cest" HPOS="1656" VPOS="2702" WIDTH="969" HEIGHT="99"/>
          </TextLine>

          
          
          <TextLine ID="line_76" TAGREFS="LT882" BASELINE="1667 2844 2621 2833" HPOS="1660" VPOS="2769" WIDTH="961" HEIGHT="96">
            <Shape><Polygon POINTS="1667 2844 1660 2787 2611 2769 2621 2833 2618 2865 1667 2865"/></Shape>
	    <String CONTENT="ennemy ⁊ eust dit plusieurs obprobrieu-" HPOS="1660" VPOS="2769" WIDTH="961" HEIGHT="96"/>
          </TextLine>

          
          
          <TextLine ID="line_77" TAGREFS="LT882" BASELINE="1667 2911 2625 2897" HPOS="1660" VPOS="2837" WIDTH="965" HEIGHT="99">
            <Shape><Polygon POINTS="1667 2911 1660 2844 2614 2837 2625 2897 2625 2926 1667 2936"/></Shape>
	    <String CONTENT="sez parolles du roy. Si ꝑ ap̃s il auoit d i" HPOS="1660" VPOS="2837" WIDTH="965" HEIGHT="99"/>
          </TextLine>

          
          
          <TextLine ID="line_78" TAGREFS="LT882" BASELINE="1663 2979 2618 2965" HPOS="1653" VPOS="2901" WIDTH="965" HEIGHT="106">
            <Shape><Polygon POINTS="1663 2979 1653 2904 2607 2901 2618 2965 2614 2986 1663 3007"/></Shape>
	    <String CONTENT="celluy roy affuire s il se oseroit deuãt luy" HPOS="1653" VPOS="2901" WIDTH="965" HEIGHT="106"/>
          </TextLine>

          
          
          <TextLine ID="line_79" TAGREFS="LT882" BASELINE="1663 3043 2607 3025" HPOS="1656" VPOS="2961" WIDTH="951" HEIGHT="113">
            <Shape><Polygon POINTS="1663 3043 1656 2986 2596 2961 2607 3025 2603 3046 1663 3074"/></Shape>
	    <String CONTENT="p̃sẽt̾ demãder sõ ayde. Ie ne scache poꝘ" HPOS="1656" VPOS="2961" WIDTH="951" HEIGHT="113"/>
          </TextLine>

          
          
          <TextLine ID="line_80" TAGREFS="LT882" BASELINE="1663 3106 2621 3089" HPOS="1656" VPOS="3021" WIDTH="965" HEIGHT="110">
            <Shape><Polygon POINTS="1663 3106 1656 3050 2611 3021 2621 3089 2621 3117 1663 3131"/></Shape>
	    <String CONTENT="respõce hõme si hardy qͥ l osast ẽtreprẽdre" HPOS="1656" VPOS="3021" WIDTH="965" HEIGHT="110"/>
          </TextLine>

          
          
          <TextLine ID="line_81" TAGREFS="LT882" BASELINE="1653 3177 2618 3163" HPOS="1646" VPOS="3092" WIDTH="972" HEIGHT="192">
            <Shape><Polygon POINTS="1653 3177 1646 3135 1919 3103 2607 3092 2618 3163 2603 3270 2504 3209 2249 3245 2245 3245 2242 3245 2160 3213 2135 3231 2132 3231 2128 3231 2124 3231 1990 3220 1880 3280 1876 3280 1653 3284"/></Shape>
	    <String CONTENT="que p̃mier il ne feust de son cas asseure, ⁊" HPOS="1646" VPOS="3092" WIDTH="972" HEIGHT="192"/>
          </TextLine>

          
        </TextBlock>
        
      </PrintSpace>
    </Page>
  </Layout>
</alto>
