2802 4268
138 305 976 125 ce es religieux ꝑ autãt qͥlz sont biẽ exti-

138 380 972 114 mez coydãs qu ilz uiuẽt sainctemẽt, ⁊ q̃

138 444 972 107 leurs oraisons prouffitẽt ⁊ rapaisẽt lyre

138 501 972 114 de nostre seigneur, ⁊ eulx mesmes le cour

142 572 968 114 roussent par les grãdes offẽces qͥlz com-

145 643 965 118 mettent. Ilz font de bouche et deuant le

145 707 962 121 peuple les serimonies, ⁊ en leurs cõuentz

138 782 969 100 a leur secret font les grãs abuz. La mau

142 835 968 118 dicte introductiõ uoꝰ auez fait de l eglise

145 906 962 111 ung exẽple de iniquite, ⁊ ung patron de

138 974 972 117 meschãte uei. Que diray ie plus fort que

142 1042 961 103 les sainctes euãgilles sõt supprimees et

135 1106 972 117 les sainctes doctrines des peres reiettees

138 1173 965 110 ⁊ arriere mises. Ceulx qͥ deussent ꝑ exẽ-

142 1248 954 99 ple de bõne uye ĩstruyre le peuple ⁊ le in-

135 1308 975 103 duyre a bõnes operaciõs sõt eulx mesmes

135 1379 975 104 destournez de biẽ faire ꝑ leur dõnee aua-

138 1440 979 100 rice. La mauldicte auarice fault il q̃ tu

138 1511 972 103 corrõpes ceulx qui te deussent guerroyer

135 1561 982 117 ⁊ dont les ancestres ont tãt escript de uil

142 1639 958 110 lains reprouches. Ceulx qͥ par les sain-

138 1700 972 110 ctes escriptures mieulx cõgnoissẽt ta dã

138 1781 969 104 nee fin, ⁊ qͥ te deuroiẽt reprouuer au iour

138 1849 979 89 duy te entretiennẽt, prisent ⁊ honnorent.

149 1906 961 99 Toꝰ les iours de bouche te blasphemẽt

145 1973 969 104 ⁊ de cueur ilz te reuerẽt ⁊ honnorẽt. Des

145 2048 969 103 bõs religieux ie ne parle point dõt il y a

138 2105 976 146 beaucoup, ⁊ non pas tant q̃ de mauluais

267 2205 840 174 ¶ De la reformacio eu cõmencee.

135 2350 979 132 ¶ O reformation encõmẽcee a faire en

153 2461 961 92 la principaulte uille de frãce biẽtost tu

149 2521 968 107 es rapaisee; que n as tu ꝑseuere iusq̃s a l a

156 2599 965 89 mendem̃t de toutes les religions, qui t a

153 2671 968 88 suffoquee ou arrestee que n as tu uisite

153 2727 964 100 toꝰ les cõuetz; dõt les aucũs sont tãt des-

156 2795 972 96 ordonnez q̃ l air en put ⁊ le ciel en murmu

163 2863 965 96 re. Ie croy puisque tu es si tost p̃cipitee

156 2923 972 93 q̃ tõ fõdement estoit sur ypocrisie ⁊ uai-

163 2991 972 99 ne gloire. Si i en parle si aigremẽt ie suis

160 3069 979 188 a excuser; car ie scay ueritablem̃t q̃ noꝰ ne

1167 291 1001 100 prouffiteribs en biens iusq̃s a ce q̃ tous

1171 359 990 114 les estatz soient reformez depuis le plꝰ pe

1171 437 626 100 tit iusques au plus grant.

1260 494 680 121 ¶ De l ypocrisie des fẽmes

1171 561 986 175 ¶ Et a tãt me taiz de plus ꝑler de ypo-

1167 686 983 107 crisie; sãs touteffois oublier les fẽmes qͥ

1171 761 986 103 sont sĩq ou six heures ꝑ les eglises a mã

1164 814 993 114 gier, (si ie l osoye dire) les ymages, ⁊ en leͬs

1167 878 990 114 maisõs les unes sõ dyables deschaynes

1171 956 990 107 ⁊ les autres petis aspicz mordãs ⁊ lãgues

1171 1031 983 96 serpẽtines qui cuydẽt que le pechie de de-

1171 1091 986 100 tractiõ se puisse effacier sans satisfaciõs

1171 1170 986 96 Les autres sont adulteres ⁊ faulsent la

1171 1237 833 103 foy de leur profession de mariage.

1310 1301 680 189 ¶ Des ypocrites de court.

1174 1504 1001 92 ¶ D autres ypocrites n y a il point fors

1174 1575 990 93 les gouuerneͬs des prĩces qͥ soubz umbre

1174 1639 987 93 de biẽ faire treuuent les nouelles inuen-

1178 1714 986 89 ciõs de pillerie, desq̃lz ie ne parle plꝰ auãt

1182 1774 982 103 par ce qu on en scet plꝰ q̃ ie n en scauroye.

1167 1835 136 96 dire.

1182 1856 964 160 ¶ De dissimulacion ⁊ amour faincte.

1182 2002 979 149 ¶ Touchant dissimulacion qui est une

1171 2112 993 100 espece de ypocrisie; salomõ uoꝰ en dira as-

1174 2173 997 110 sez en ses ꝓuerbes, Mais quelq̃ chose qͥl

1174 2262 990 88 dye ⁊ q̃ les sainctes escriptures ꝓnoncẽt

1182 2322 986 92 On ne peult au iourduy auoir de biens

1178 2386 990 92 mõdaĩs q̃ ꝑ dissimulaciõ ⁊ amoir faincte

1174 2450 1001 110 qui est une chose dãnee ⁊ reprouuee tant

1185 2521 979 100 par les anciẽs poetes q̃ par la parolle di-

1189 2599 982 93 uine. Tel au ioͬduy cuyde auoir ung bõ

1189 2671 918 85 amy ⁊ se cõfie totallem̃t en luy qͥ tous

1185 2735 983 88 les iours procure sa mort ⁊ sa destrurtiõ.

1196 2799 975 96 Il luy ryt par deuãt; ⁊ le mort ⁊̃ derriere

1185 2866 992 90 ¶ Mieulx il uauloroit ainsi q̃ dit Salo

1180 2941 998 89 mon en ses prouerbes Auoir la peste ẽ a

1203 3005 979 82 maison q̃ ung ennemy famillier qͥ se en-

1206 3076 965 149 quiert du sercte pour le d[]clairet ⁊ reueler

1883 3126 160 139 c.iii.
