2802 4268
124 288 979 124 l entendement des hõmes tellemẽt qu ilz

131 352 976 117 ne peuent cognoistre q̃ c est de uertuz, et

124 419 972 121 ne se aplicquẽt fors a deceptiõs subtilitez

124 494 979 107 cautelles ⁊ trõperies, parquoy ne les ade

128 565 975 107 pte point a tort au renars. ¶ De amoͬ ⁊

124 625 979 104 charite on n ẽ parle plꝰ, amour est estran

128 693 972 114 gee ⁊ charite ẽ refridie ⁊ c est refermee en

131 757 969 121 sa maisõ pour ce chauffer. Il ne court plꝰ

128 825 972 99 que adulaciõ flaterie ⁊ disimulacion qͥ

128 896 968 96 est cause de la destructiõ du peuple ⁊ est le

135 949 968 121 moien de sa souffrete ⁊ indigence si biẽ il

131 1024 962 110 le scauoit cõgnoistre. Il n est pourete en

131 1095 962 103 partie q̃ par ces renars qͥ soulz umbre

124 1159 969 96 de leur bigoterie ⁊ d aymer la chose publq̃

128 1230 968 96 font les grãs abuz, cõclusiõs ⁊ pilleries

131 1294 958 100 Dõt ie me rapporte a ce qͥ en est sans plꝰ

128 1355 972 110 riẽ en escripre fors ap̃s hieremie qͥ dit que

128 1429 972 125 ce sõt princes qui cheminent frauduleuse

128 1529 163 92 ment.

366 1543 452 153 ¶ Exhoratacion

1178 266 797 114 ¶ Pecheurs qui frequẽtez l eglise

1171 364 698 80 Affin que l en uous y aduise

1174 419 677 96 Et auon face bonne diuise

1174 487 656 89 De uoz fictiues oraisons

1167 551 723 92 N en faicte ne compte ne mise

1167 604 1004 121 Car mieulx uoꝰ uauldroit sans remise

1167 686 698 89 Estre pres d une nappe mise

1164 743 844 114 Pour disner dedans uoz maisons

1164 828 861 86 Chantons dansons ⁊ nous aisons

1164 882 676 88 Allegons texte ou raisons

1171 949 915 107 Dieu scet pourquoy nous le faisons

1167 1027 805 96 Rien ne pert de nostre entreprinse

1160 1091 687 93 Les iustes le contre faisons

1164 1159 740 100 Noz biẽfaiz celons ⁊ taisons

1164 1230 765 85 Et de cueur en toutes saisons

1160 1276 894 132 Aymons le hault dieu sans fantise

1292 1476 858 107 ¶ Des enuieux, des usuriers, et

1381 1557 765 150 des foulx amoureux. cha. uiii.
