2794 4228
694 267 988 109 renuoye a saint augustĩ de la cite de dieu

691 334 854 127 quant il parle de la predestinacion.

726 436 956 134 ¶ De ceulx qui se confient es biẽs mon

691 542 991 120 dains deceuz par espoir faulx ⁊ deffectif

821 620 596 116 ¶ Espoir de richesses

702 711 987 138 ¶ La quarte espece des folz esperãs sõt

684 810 1002 95 ceulx qui affermẽt ẽtieremẽt leurs desirs

684 873 998 95 en choses uariabkes, ⁊ qui fondẽt tout

680 937 999 120 leur espoir sur ĩcertainete mõdaine cõme

684 1007 1002 116 sur richesses, sur Force, sur Beaulte del

684 1092 1002 88 corps habõdãce d amis, ⁊ sur la court des

687 1138 999 112 princes. Et est la folie de telles gens as-

684 1226 995 98 sez euidẽte, qui cuident prendre seurete en

687 1286 988 95 ce qui est doubteus, ⁊ ueulẽt estre souste

684 1338 995 106 nuz de ce qͥ ne se peult maĩtenir Car tout

687 1402 1002 127 p̃mieremẽt richesses ou finances qͥ cõmu

677 1490 995 91 neement sont acquises par la desloyaul-

684 1557 991 95 te des acq̃rans, et gardees ꝑ une dãpnee

677 1617 998 102 auarice, s estudiẽt a renouueller maistres

677 1680 998 102 ⁊ a soy logier ⁊ bourses nouuelles. plusi-

673 1754 999 99 eurs tresoriers, receueurs ⁊ autres gens

673 1828 995 88 cõptables uoꝰ en ont puis naguere dõne

670 1884 998 120 les exẽples, lesq̃lz ap̃s leurs cõptes rẽdus

673 1955 992 95 ont este cõt̃rains garder la franchise des

673 2025 992 110 eglises pour euiter les prisõs, ausquelles

670 2092 991 103 ilz estoient condampnez pour les deniers

670 2159 995 92 du roy iusq̃s a l entier payemẽt I ay ueu

670 2223 991 109 marchãt auoir eu cẽt mille frãs ẽtre ses

670 2290 998 109 maĩs uenir soubdainemẽt a pourete sãs

666 2350 992 109 fortune du feu ne d eaue, uoie ⁊ si estoit

666 2431 988 88 extĩe de bõ gouuernemẽt. Qui est la cau

659 2480 995 109 se ď ces soubdaines mutacios̃ fors le mal

663 2564 991 89 heur de ceste pecune qͥ auiourduy brise et

659 2628 992 84 rompt la foy de tout le mõde ⁊ fait tãt cõ

659 2681 984 123 mettre de maulx ⁊ abuz, Parquoy ie dy

663 2758 949 127 que l esperance en est faulse ⁊ deffectiue.

867 2867 480 156 ¶ Espoir d amys.

659 2998 977 222 ¶ Et toy qui as ta fiãce en tes parens.

1742 288 963 106 amys ⁊ allies saiche pour certaĩ qͥl est au

1746 345 949 123 iourduy assez de parẽs ⁊ peu d amys. Et

1746 412 952 127 encores ou tu y pourroyes auoir fiance

1753 479 949 105 telle fiãce n est passeure, car une mau-

1746 549 956 134 uaise heure te les peult hoster ꝑ mort ou

1742 616 304 130 par discord.

1869 651 554 162 ¶ Espoir de beaulte.

1749 789 956 130 ¶ Au regard de la beaulte elle est transi-

1749 873 956 131 toire ⁊ se fane aussi soubdaĩ q̃ la fleur du

1739 961 959 138 ne rouse qui plutost est passe que uenue.

1986 1060 490 159 ¶ Espoir de force.

1742 1197 966 121 ¶ De la force de tõ corps c est biẽ peu de

1735 1289 960 123 chose, cat uiellesse ou maladie te pourra

1735 1360 956 137 tantost oster confort de ton esperance.

1933 1462 762 158 ¶ Espoir des graces donnees a

1940 1571 275 123 a l homme.

1732 1666 963 144 ¶ Ausi peult uault l espoir q̃ tu pour-

1732 1779 959 91 royes auoir es graces q̃ dieu t donnees

1728 1835 956 106 cõe eloquẽce, prudẽce, subtilite d esperit,

1725 1895 959 116 beau maĩtien, bõ ẽtretiẽ, biẽ ꝑler, biẽ di-

1725 1976 952 102 uiser, bien escripre ou biẽ cõposer, car plu

1725 2029 952 120 sieurs par ceste folle esperãce sõt deceuz,

1718 2121 963 95 et sur la fin sont meschans ⁊ miserables.

1710 2180 964 89 ¶ Uous uoyez uoulẽtiers ung bõ ou-

1725 2240 952 110 urier de sõ mestier ou de sa sciẽce estre plꝰ

1718 2321 963 99 poure ⁊ souffreteux q̃ quelque gros lour

1718 2378 959 98 dault qͥ rien n y entend; et la raison si est.

1718 2448 959 102 Car le lourdault ne se cõfie fors en ce qͥl

1721 2515 953 102 tient, ⁊ le subtil ouurier se cõfie en sõ sca

1714 2575 960 109 uoir. I ay ueu u[]g des grãs hões de frã

1714 2649 956 92 ce par sõ sens ⁊ scauoir triũpher et auoir

1714 2709 953 92 auctorite sur plusieurs autres grãs ꝑsõ-

1710 2779 957 88 naige. Et a la moyctie de sõ aage pour

1703 2846 964 92 trop soy confier en son entendemẽt ⁊ sciẽ

1703 2903 964 98 ce descendre au dessoubz de la roe de for-

1703 2963 967 126 ne, et estre banny ⁊ despouille de ses biẽs

1689 3026 484 194 ⁊ note de infamye.
