2802 4268
316 1771 777 131 N cheminant plꝰ auãt au tour

320 1890 774 87 de la mõtaigne apres q̃ i euz pas

316 1949 780 92 se celle multitude de renard des-

320 2016 773 107 sus touchee ie ueiz cinq ou six

126 1830 197 296 E

110 2073 983 117 chiens qui poursuiuoient ung renart, le

113 2155 983 96 q̃l s arresta pres ung bnysson, et mouilla

113 2222 983 111 sa queue de sa date. Et quãt les chiens

117 2297 979 85 cuyderẽt approucher de luy les aspergea

113 2350 976 100 et arrousa de sa queue, et leur en bailla ꝑ

113 2429 980 92 les dens Et incontinent au moyen de la

117 2496 972 96 punaisie du date se arresterent les chiens

117 2560 972 93 de courir, mais tantost recõmẽcerẽt Et

121 2628 972 96 finablemẽt prindrent ⁊ tuerẽt le renart,

121 2692 972 99 sur leq̃l estoit escript Arguet te malicia

121 2759 968 93 tua ⁊ auersio tua ĩcrepabit tibi. Qui sõt

89 2813 1000 99 les parolles de Iheremie au secõd chapi-

124 2895 969 96 tre, lesq̃lles i ay longuemẽt eues en mon

117 2962 976 89 entendemẽt. Ẽt a l interpretacion d icel-

113 3026 987 93 les congneu q̃ ce renart representoit les

124 3101 972 89 ioncheurs du temps qui court. Lesquelz

110 3144 993 149 cõme l on dit cõmunemẽt passẽt la queue

1132 1767 997 142 par le bec. Aussi nous sont icy demõstrez

1139 1884 997 107 les folz esperans qui fondẽt leurs for-

1142 1952 723 100 tunes sur la glace d une nuyt

1320 2059 823 131 ¶ Des ioncheurs qui passent la

1310 2155 427 99 queue par le bec.

1157 2269 979 110 ¶ Et pour entrer en la matiere noꝰ par-

1153 2347 993 99 lerõs p̃mierem̃t des iõcheurs qͥ sont gẽs

1146 2422 990 96 plains de malice et dãnee cautelle, lesq̃lz

1157 2482 986 107 quãt la raison leur fault a auoir ce q̃lz p̃

1157 2567 989 86 tendẽt treuuẽt les inuentiõs nouuelles

1164 2621 979 99 uoire dãnees et de dieu reprouuees pour

1149 2695 997 96 ꝓuenir a leur intenciõ Et puis quãt les

1157 2770 993 86 matieres sont esclarcies et dilucidees se

1160 2827 986 96 treuueñt cõfus ⁊ sõt reprouchez ď leur ma

1164 2891 979 96 lice mesme. Ceulx cy sõt les mauuais ad

1160 2966 983 89 uocatz ⁊ ꝓcureurs, les faulsaires ⁊ plai

1160 3033 979 86 deurs qͥ se dͤstruisẽt eulx mesmes dõt noꝰ

1167 3094 979 107 uoꝰ auõs ꝑle en la p̃miere figure, ⁊ ꝑle-

1157 3165 989 149 rõs plꝰ amplemẽt en la figure de iustice.
