2777 4228
630 179 984 148 ¶ Le prophete micheas commãde qu on

616 292 1008 99 se garde de celluy qu on fait dormir en sõ

630 362 987 92 gyron ꝑce qu il n y a point de fiãce en luy

623 426 998 102 Il n est poĩt au iourduy de uraye amour

620 493 1001 102 ne d amys qͥ uoulsissẽt faire l ũg po᷑ l au

623 560 998 144 tre. Ce q̃ firẽt les deux compaignons de

613 616 451 166 baldach ⁊ d egipte

849 750 599 169 ¶ Exemple ⁊ hystoire.

623 866 994 141 ¶ Alphonse nous racõpte q̃ lorsque ces

616 965 1001 102 deux cõpaignons demouroiẽt en egypte

616 1025 1001 109 l egiptiẽ uoulut prẽdre a femme ⁊ espou

616 1102 998 113 se une egiptienne, ⁊ ia estoie le mariage

620 1173 994 105 acorde ⁊ nõ acõpli. En ces ẽtrefaictes fut

616 1236 998 106 l egiptiẽ aduerti q̃ sõ ꝯpaignõ de baldach

613 1303 1004 102 aymoit ꝑ trop ceste egiptiẽne, ⁊ q̃ s il ne le

613 1367 997 116 spousoit estoit en dãger de la ꝑturbacion

613 1441 993 98 de son sẽs; ꝑ quoy uoulut ⁊ consẽtir pour

609 1507 990 110 la grãt amour qͥl auoit a son cõpaignõ q̃

606 1581 1004 103 sa fiance luy feust ballee auec sõ douaire

606 1645 997 109 Ce qui fut fait, ⁊ ẽmena de baldoach l egy

606 1715 1000 95 ptiẽne en sõ pays ou il se feist riche ⁊ opu

606 1779 997 98 lẽt. Et l egiptiẽ qui fut aduẽtureux uĩt

602 1846 1001 109 a misere ⁊ pourete; telemẽt qͥl fut ꝯstraint

599 1916 1007 102 mãdier sa uie de huys en huys. Et ung

599 1987 1000 95 iour en mandiãt arriua en la uille ou sõ

599 2054 1004 102 cõpaignon de baldach residoit; auquel il

602 2121 1001 98 ne se presẽta, ⁊ parce qͥl ne trouua logeis

599 2191 1000 95 reposa la nuyt soubz le baller d une eglise

595 2261 1004 99 deuãt lequel trouua le lẽdemain matĩ

599 2325 1000 102 ung hõe nouuellemẽt occiz. Et pour ce q̃

592 2399 1000 84 on ne peust trouuer l homicide on print ꝑ

595 2462 997 92 souspecon l egiptiẽ qui auoit illecq̃s dor-

588 2529 1001 88 my le long de la nuyt. Lequel ẽuie de plꝰ

595 2593 997 98 uiure en ce mõde dist qͥl auoit ce meudre

588 2667 1008 91 ⁊ homicide cõmis; ia soit ce qͥl ne fust pas

592 2730 997 99 uray. Touteffois au moyẽ de sa ꝯfessi

585 2797 1007 92 on laq̃lle il ne uarioit point fut cõdam-

581 2867 1004 92 ne a estre pẽdu ⁊ estrãgle. Et en le menãt

581 2931 1004 92 a la iustice de baldach sõ anciẽ amy le re-

581 2998 1004 201 cõgneut. Et pour luy sauluer la uie dist

1688 246 979 116 que c estoit luy qͥ auoit commys le cas, et

1691 324 969 105 nõ celluy q̃ on menoit aux fourches. Et

1684 384 973 119 sur ce debat le uray homicide ꝑ pitie ⁊ in

1684 450 973 124 spiraciõ diuĩe uoiãt ces deux ĩnocẽs l ũg

1684 528 976 102 pour l autre souffrir a la mort se uĩt ac-

1684 595 969 102 cuser a la iustice. Auq̃l le seigñr de la uil-

1684 648 966 127 le pour l excellẽce de l amytie de l egiptien

1691 711 966 159 ⁊ de baldach remist ⁊ ꝑdonna le cas et le

1681 792 454 102 meurdre dessus dit

1836 838 567 120 ¶ Notez cest exemple.

1691 898 959 148 ¶ Uoꝰ qͥ dictes auoir amyctie youldriez

1702 983 955 130 uoꝰ biẽ prẽdre la mort pour uostre amy

1684 1053 976 113 ie croy que non, ne drspẽdre du uostre la

1688 1123 972 106 ualeur d ũg denier. L experiẽce n ẽ est pas

1677 1201 976 113 a moy seul demouree, mais a plusieurs

1681 1261 976 123 aultres qͥ cotidianemẽt en fõt leur plain

1684 1335 966 102 tes. ¶ La loy d amytie dont lez ãciẽs use

1677 1388 973 119 rẽt est piecar euocq̃e. par la sentẽce de ꝑ-

1677 1465 980 99 ticulier prouffit. Et se tu ueulx ꝯgnoi-

1673 1536 980 95 stre les amys de maintenãt metz peine a

1673 1596 980 105 premier ꝯgnoistre ta fortune. Car elle et

1673 1663 970 112 tez amys sont d une mesme duree. ¶ On

1673 1740 970 106 dit uoulẽtiers que au besoing l õ ꝯgnoist

1670 1796 980 106 l ami. Mais au iourduy se tu cuides auoir

1681 1860 965 123 ung amy ⁊ q̃ necessite te presse de le reque

1670 1944 976 99 rir de q̃lque plaisir il trouuera excuse ꝑ-

1666 2011 977 103 emptoire pour t en escõduyre. Et se dauã

1663 2068 976 112 ture il baille ce que amyablemẽ tu lut de

1663 2138 973 106 mandes. Ce sera moyẽnant le prouffit qͥ

1659 2209 980 91 luy en aduiendra comme font les amys

1659 2265 977 109 s auiourduy qui prestẽt l argẽt a usure ⁊

1656 2350 987 84 soubz umbre de secourir leur amy le de-

1656 2409 980 96 struisẽt ꝑ ypotheques ⁊ rẽtes generalles

1652 2480 980 88 equipolẽs a usure. Qui uouldra au iour

1649 2533 983 113 duy garder son amy de le req̃rir de plaisir

1645 2610 983 92 quelconq̃, mais luy suffise seulemẽt des

1645 2681 976 91 offres faiz de bouche. Car l exploict d a-

1645 2751 976 88 mytie est en ꝑolles ⁊ nõ en effect, ⁊ req̃rir

1645 2815 976 95 au tẽps qͥ court aucũ de plaisir ẽ une noi

1642 2867 983 99 se ⁊ q̃stion prĩse auec luy. ¶ Ie n ẽ di plus

1645 2941 973 110 fort q̃ auarice est l ũg des grans uices qͥ

1635 3015 983 180 auiourduy ont le cours. laq̃lle obfusque
