2794 4228
635 288 737 131 De fol espoir et des especes

627 419 964 120 ¶ Et pour retourner au ꝓpos plꝰ apete

613 517 981 89 et conuenant a la figure pñte nous par-

613 574 981 102 lerõs de ceulx qͥ cuidẽt eschiuer les mau

613 651 981 106 uaises fortunes de ce mõde ꝑ ung fol es

617 718 984 92 poir, lesquelz ressemblãt au renart qͥ es-

620 789 981 88 pere euader la fureur des chiẽs ꝑ l asper

620 852 971 88 ges de sa queue Telles gẽ cherchẽt le᷑

617 923 984 88 cõfort a faulses enseignes ⁊ treuuẽt leur

620 979 978 99 descõfort a la u̾ite Et quã ilz sõt cheuz

620 1049 985 103 de leurs folles ẽtreprĩses diẽt que espoir

620 1116 985 110 les a deceuz qͥ est ung erreur; car esperan

624 1194 981 88 ce est une u̾tu diuine qͥ ne peult estre dece

620 1261 981 95 ptiue Et pour entendre dont ꝓcede q̃ l hõ

624 1328 981 91 me dechiet souuẽtesfois de ce qu il espere

627 1388 978 102 ie treuue qͥl y a quatre especes de folz espe

627 1455 981 126 rans qͥ ꝑ leur esperãce sont menez a con-

624 1536 464 98 fusion et pourete.

779 1666 833 106 ¶ Des paresceux et negligens de

758 1740 667 99 ceuz par espoir presumptif

642 1860 959 109 ¶ La p̃miere espece sõt les paresceux et

624 1937 981 99 negligens qͥ attẽdãt grace sans merite

627 2004 978 88 et fruict sãs labeur ⁊ lesq̃lz par leur espe-

624 2075 984 95 rãce p̃sumptiue sõt frustrez de leur attẽ

627 2135 974 112 de Lisẽt telles gẽs les poetes ⁊ les escripz

627 2198 978 99 des paiẽs; ⁊ ilz trouuerõt q̃ leurs dieux

627 2276 974 95 se yroiẽt ⁊ courroussoiẽt cõtre les lasches

627 2346 978 88 et oyseulx, ⁊ ne leur ottroyẽt ꝓsperemẽt

631 2417 970 88 ꝑuenir au dessus de leurs entreprĩses s ilz

627 2483 985 89 ne s efforcoiẽt au grant trauail de leurs

627 2550 978 88 corps poͬ chasser ce qͥl demãdoiẽt Puis

627 2614 981 88 qͥl estoit aĩ[]i des idoles uoꝰ chrestiẽs ui-

627 2677 978 95 uans en foy q̃ pẽserez uoꝰ de dieu tout

627 2737 974 102 puissãt q̃ est si tres iuste qͥl ne depart poĩt

624 2811 977 109 ses largesses sãs desserte. Cuidez uous

627 2885 974 85 auoir ꝑadis poͬ uiure en delices ⁊ au re

635 2952 973 88 pos de u̾oz corps sãs les trauailler ꝑ ieus

627 3015 978 96 nes et abstinences ou pour paciãmẽt en

631 3082 963 187 durer les uisitaciõs diuines Pẽsez uoꝰ

1651 274 991 145 aussi auoir les biẽs mõdaĩs ieunes folz

1654 394 981 99 par ceste esꝑance p̃sumptiue cõme selon

1658 461 977 85 estoit tenu les uoꝰ porter a uoz maisõs,

1661 517 977 103 sãs le sauoir gaignez Sachez poͬ certaĩ

1658 591 977 103 q̃ dieu n ayde point par effect a ceulx qui

1665 672 970 89 se nuysẽt ꝑ leur deffault Et si uoꝰ tum

1665 743 970 77 bez en nõchalãce ꝑ uostre coulpe il uoꝰ

1661 796 981 102 laissera nõchalu. L ẽfant ꝓdigue dõt l e-

1665 870 970 91 uangille parle qͥ tant cõsuma de biens ꝑ

1675 933 963 102 une fetardise ⁊ nõchalãce uoꝰ en face sai

1672 1011 963 91 ges. Et deuãt aige p̃nez exẽple a ceulx

1668 1071 970 98 que on dir par ꝓuerbe commun estre nez

1668 1138 970 95 coessez c est a dire heritez de beaucoup de

1668 1201 974 95 biẽs q̃ leurs peres leur ont laissez entre

1668 1271 970 89 leurs mains, desquelz quãt ilz se gouuer

1668 1338 970 92 nẽt mal ⁊ qͥlz ne trauuaillent a garder ce

1672 1405 966 92 qͥlz ont trouue acqͥs tout se ꝑist biẽ soub

1668 1472 974 102 dainemẽt ꝑ faulte de bon gouuernemẽt

1668 1543 970 91 dõt maintes bõnes maisõs sont destrui-

1658 1610 977 102 ctes ⁊ plusieurs nobles enfãs mal regar

1668 1677 970 102 dez Et ne sẽblẽt pas telles gẽs au renart

1672 1744 966 95 qͥ fuit ⁊ qͥert tousiours moyẽs pour eua

1665 1807 973 95 der les ꝑilleuses heurtes, mais ressẽblẽt

1668 1884 967 89 a celuy qui attend la gueulle bayee ⁊ les

1665 1951 970 96 mains liees se la uiãde luy entrera en la

1668 2011 967 95 bouche. Lisez cecy ieunes enfãs qͥ ne sca

1668 2089 967 84 uez q̃ biẽs coustẽt a acq̃rir, ⁊ retenez que

1665 2149 970 95 paresce est maratre de uertus ⁊ cõtraire

1672 2223 963 141 a ceulx qͥ desirẽt auoir des biẽs tant spi

1665 2290 550 116 rituelz que temporelz.

1848 2409 787 148 ¶ Des oppiniastres deceuz par

1841 2490 434 145 espoir oppinatif.

1675 2667 959 114 ¶ La secõde espece des folz esperãs sont

1675 2751 956 102 les oppiniastres qͥ par leur oultrecuidan

1672 2832 959 85 ce donnent auctorite a leur ꝓpre sens, et

1668 2896 960 95 croyẽt aux cõseilz de leurs testes ⁊ se gou

1665 2959 959 88 uernent soubz l esperãce de leur cuyderie.

1668 3023 956 88 Mais les oultrecuidez abusez de ceste es

1672 3104 963 179 perãce ĩparfaicte q̃ on nõme oppinatiue
