2824 4257
85 287 1007 120 mondaines ⁊ rechãgement de tẽporelles

88 365 1015 110 seigneuries. Moy poure pecheur qͥ y a tãt

92 432 993 107 de fois perdu par ma dãpnable faulte le

95 493 987 106 bien de felicite a moy promis uien a uoꝰ

99 564 997 113 contrict et repentãt pour auoir merci de

99 620 986 117 mes meffaiz. Et uoꝰ hũblemẽt supplier

99 684 986 128 que l ẽtreprinse ꝑ moy faicte ne tourne a

102 762 983 107 ma cõfusion, mais a la louenge de dieu ⁊

95 837 994 110 consequẽment de ceulx desquelz la uie ne

92 904 997 99 peult estre reprĩse, ⁊ qu elle soit oultre a la

99 954 986 113 mendemẽt des reprochables, ou ꝓtestaci

102 1035 983 100 on que si ꝑ ma fragilite ⁊ igorãce ie di-

99 1099 993 103 soye chose qͥ fust ambigue entre les doub

99 1152 983 118 tenx de me retourner a uostre saĩcte egli-

95 1234 987 106 se. A laq̃lle ie adhere ⁊ ne ueulx autre cre

99 1294 997 178 ance auoir q̃ la siẽne qͥ est la miẽne et cel-

333 2884 752 92 our ẽtrer en la matiere ⁊ auoir

333 2947 749 110 clere lecture d icelle. Ung iour q̃

340 3036 738 92 i estoy moytie. ioyeux; et moy

340 3100 742 96 tie triste pour passer ma meren

106 2908 234 270 P

102 3153 980 160 colie m en alloye en une haulte mõtaigne

1142 269 1050 114 le de tous deuotz chrestiẽs. Et oultre at

1149 340 1036 99 tẽdu q̃ les faitz de dieu uainquẽt nostre

1156 404 1032 106 entendemẽt n entẽs mõter es ceulx ꝑ fol

1160 478 1028 93 le oultrecuydãce ⁊ descẽdre es abismes, ne

1163 542 1025 96 rapeler le preterit ⁊ auãcer le futur pour

1170 606 1011 103 congnoistre la determinaciõ de ses secretz

1167 681 1021 88 iugemes̃ estrãges aux imparfaictz ⁊ iu

1167 744 1018 107 stifiez en les faisãt en son infini paour

1170 808 1015 107 mais seulemẽt pour le suppleemẽt de mõ

1170 879 1018 93 ignorance prẽdre les parolles de sa saĩcte

1167 957 1000 96 escripture qui ne peult faillir ne mentir.

1227 1074 958 125 ⁋ Des murmures, blasphemes, et en-

1170 1156 1004 106 uies du commun peuple et de la dissolu-

1174 1230 1007 114 cion de ses habis causans sa destruction

1163 1291 369 184 chappitre. iiii.

1163 2887 1001 107 de lõgue estãdue. Et au ꝯmẽcemẽt quoy

1170 2969 997 92 q̃ ce soit a ung traict d arc du pie d icelle ie

1174 3033 993 99 trouue plusieurs renars chargez sur les

1170 3107 997 89 espaules de grãt nõbre de queues lesq̃lles

1167 3178 1004 174 ilz semoiẽt ꝑtout Et sur estoit escript cõe
