2780 4260
607 273 514 110 uous orez cy apres.

607 372 1004 156 ⁋ D esperiit mõs syõ uulpes ambulaue

603 489 824 100 tunt in eo. Treno. u. Capitulo.

603 685 1012 99 recitees ꝑ hieremie en faisãt ses lamẽta-

610 578 998 146 ⁋ Lesq̃lles parolles ont autreffois este

600 738 1008 114 ciõs sur sa cite de hierusalẽ. Et sur ce me

603 809 1001 121 suis assez sõgneusemẽt arreste uoire ꝑ si

603 901 1005 96 lõgtẽps q̃ i ay ꝯgneu par ces renars estre

603 954 1005 107 entẽdu les laboureurs mecaniques, mar

607 1033 997 106 chans et bourgoys de uilles ⁊ citez qͥ toꝰ

607 1100 1001 103 les iours se plaignẽt de saine teste ⁊ mur

607 1164 1004 110 murẽt cõtre dieu et leur prĩce en regretãt

614 1235 994 96 le tẽps de guerre et l infelicite de leurs pe

610 1299 998 121 res soubz umbre de ce qͥlz diẽt estre souf-

614 1377 575 117 freteux d or et d argent.

617 1491 998 145 ⁋ De l inconstãce ⁊ murmure du peuple

592 1611 1016 146 ⁋ O gẽs aueugles ⁊ plains de pitie cõ-

614 1728 994 96 stãce ⁊ muable couraige, peuple aise a cõ

614 1792 994 96 tẽpcion et legiere a estre par le dyable se-

614 1853 994 106 duit qͥ ne pouez paix ẽdurer, Murmurez

617 1917 994 110 uoꝰ cõtre dieu qͥ uoꝰ chastie ꝑ doulceur

614 1991 997 107 en uoꝰ ostãt seulemẽt habõdãce de cheuã

614 2069 1001 82 che et auoir qui ne sont que accessoires ⁊

614 2126 997 103 chãberieres a humaine fragilite, et dont

614 2190 990 99 la garde en uault moĩs q̃ riẽs au salut de

621 2264 980 93 uoz ames. Cõgnoissez uoꝰ poĩt que uoꝰ

614 2328 987 93 aues desserui punicion plus grãde et plꝰ

610 2403 994 89 cruelle que celle dõt uous estes a present

610 2470 991 86 chastiez qͥ n est pas selõ uoz faultes mais

610 2524 991 113 est faicte ꝑ pitie ⁊ pour uoꝰ esmouuoir a

610 2616 987 85 laisser uos ĩiqͥtez, laq̃lle pourra croistre ⁊

614 2669 983 92 tourner a fureur, si uous la passez sans

614 2737 987 103 auoir. ꝯgnoissãce de dieu Et i a les signes

617 2804 980 96 uoꝰ en sõt dõnez ꝑ une generalle pestilẽ-

603 2868 991 106 ce ou mortalite qui cõmence auoir cours

603 2939 987 73 ⁋ Uoꝰ souuiẽgne du tẽps des grãs guer

610 3017 980 82 res qͥ ont este durãt la uie de uoz p̃deces-

607 3074 983 238 seurs q̃ les laboureurs ne osoiẽt tenir les

1679 284 987 127 chãps pour seure demeure, mais estoient

1693 362 959 117 leurs socz et piardes cõuertiz englaiues

1679 429 976 117 mortez Lors les chemĩs estoiẽt si tres oc

1679 497 969 110 cupez de larrõs destruiseurs et coupeurs

1675 564 980 114 de gorges q̃ seuremẽt n osoient aller mar

1679 631 969 114 chãs a leur marchãdises Les uilles ⁊ citez

1675 702 973 110 estoiẽt ordinairemẽt pillez d ẽprũtz ⁊ suc

1675 766 977 107 cides. Et n auoient les habitans d icelle

1675 837 973 103 pour seurete fors paour ⁊ crainte iour et

1679 901 969 107 nuyt d estre tuez. Les grãs bourgez ⁊ uil-

1675 972 973 114 laiges estoiẽt destruys ⁊ mys a feu et a

1672 1040 973 106 sang, ⁊ les eglises pillees ⁊ desrobees par

1668 1114 973 110 noz ẽnemys. ⁋ Et uoꝰ qͥ a p̃sẽt uiuez en

1672 1182 962 106 seure paix, ⁊ qͥ auez terre fructifiãt assez

1679 1249 962 96 suffisãmẽt; uoire tãt q̃ pouez uiure hõ-

1675 1317 959 110 nestemẽt, ⁊ si murmurez cõtre dieu ꝑ ce q̃

1672 1384 973 107 les finãces ne habõdẽt par le royaulme

1668 1455 969 103 cõe source d eaue uiue. Il sẽble q̃ uoulez

1668 1515 973 100 dieu corrigier et que uostre entreprĩse soit

1672 1586 965 103 de reprẽdre l ouurier a qui nul aprinst onc

1675 1657 962 100 ques rien, et que uoulez reprouuer l effet

1668 1725 778 96 dont ne pouez entendre la cause.

1668 1803 973 92 Saichez pour certain q̃ uoz murmures

1672 1863 962 93 sõt en ꝑtie cause de uostre aduersite ⁊ uoꝰ

1665 1934 972 114 la procureront plus grãde si n y remediez.

1682 2059 884 138 ⁋ Du murmure des enfans d israel.

1668 2197 966 110 ⁋ Ayez en memoire les puniciõs qͥ pour

1679 2282 962 78 le murmure ⁊ impaciẽce du peuple d israel

1668 2343 966 85 encõtre leurs chiefz uindrẽt sur eulx au

1668 2410 966 82 tẽps de moyse et de aarõ, dont les aucũs

1668 2477 962 100 fnrẽt uifz trãgloutiz en t̾re, les autres

1672 2548 958 89 deuorez de serpẽs ⁊ embrasez du feu qͥ du

1661 2609 966 85 ciel descẽdit. Le dit peuple d israel fut par

1665 2680 965 85 quarãte ans errãt ꝑ les desers pour leurs

1658 2737 965 95 contradictions ⁊ murmures dõt il en ai-

1665 2800 962 111 grirẽt sur eulx l indignacion de dieu tout

1654 2861 969 117 puissant Sẽblablemẽt ceulx qui furent

1661 2942 962 100 chiefz de la rumeur et desobeissãce n ẽtre

1661 3003 959 99 rẽt poĩt en la terre de promissiõ, mais les

1661 3067 962 252 souffrit dieu mourir. ⁋ Uous faictes
