2802 4268
154 2032 273 331 A

402 2037 719 100 Pres la grãde meditation de

405 2105 702 93 la figure dessus ď ie rauersay

413 2166 697 99 ung quarier de la montai-

402 2219 712 131 gne, ⁊ tãt cheminay q̃ ie trou

149 2294 961 120 uay autre figure nouuelle qui me fut as

149 2358 968 135 sez estrange; touteffois facille a comprẽ

149 2436 972 107 dre. Et estoit de deux renars uestuz de

149 2503 983 118 robbes et chapperons de hermites; qui te

153 2575 954 113 noient en leurs pattes des patenostres.

160 2635 961 121 Sur lesquelz estoit escr[]pt. Dẽs isti sũt

160 2695 968 121 principes ambulãtes fraudul[]ter Qui

160 2770 961 118 sont les paroles de iheremie au sixiesme

156 2831 961 110 chapitre. Lesquelles ie goustay par assez

163 2902 962 106 longue espace de temps cuidat quelle se

149 2962 979 128 entendissent des prĩces qui ont les grãs

163 3037 566 121 possessions terriennes.

288 3090 607 108 ¶ Tous sont princes.

160 3154 972 210 Mais ap̃s que ie y eu eu assez songneuse

1210 2020 983 106 ment pẽse il me souuint que toꝰ tãt petis

1210 2087 979 96 que grãs sommes prĩces de noꝰ mesmes

1214 2137 979 132 C est a dire que noꝰ auons le gouuerne-

1217 2215 983 114 mẽt de noz ames et ď noz corps, ⁊ q̃ dieu

1217 2290 979 107 noꝰ a baille raison poͬ iceulx gouuerner

1214 2354 982 114 ꝑ quoy i ay ꝯgneu que ꝑ ceste figure es-

1217 2422 983 99 tioẽt entẽduz les dissimulat[]s et ypo

1221 2493 982 92 crites q̃ dieu amauldit de sa bouche cõe

1217 2557 919 124 il appert par le texte de son euangille

1371 2628 424 96 ¶ De ypocrisie

1226 2701 970 83 Et est ypocrisie et dissiumulacion a bien

1224 2759 983 100 les prẽdre une fiction de bonne oꝑacion

1231 2827 987 93 ou soubz couleur ď biẽ faire ꝓcurer mal

1231 2895 983 99 a son ꝓesme et faindre dieu aymer pour

1231 2952 987 106 auoir l hõneur mõdaĩ Les ypocrites quel

1231 3012 987 117 que seruice qu ilz facẽt a dieu en telle ĩtẽ

1224 3080 994 103 ciõ sõt̃ remunerez de la gloire q̃ eulx mes

1239 3158 989 142 mes en prẽnẽt en ceste mortelle uie Pen-

1990 3250 92 89 c ii
