2824 4257
141 280 994 124 clameur ⁊ bruyt de uoz pertes ⁊ afflictiõs

149 340 982 142 sans ramẽteuoir uoz faultes passees qui

149 443 354 99 en sont cause.

159 493 969 191 ⁋ Des mises ⁊ grans fraiz des prĩces.

156 709 968 149 ⁋ Uoꝰs demãdez oultre q̃ deuiẽt l argẽt

156 833 982 103 que sur uoꝰ lieue le prĩce, ⁊ uoꝰ ne pẽsez

152 886 983 121 poĩt aux grãs fraiz qͥ luy conuiẽt faire,

159 950 976 114 comme souldoiemẽt de gẽsdarmes, fraiz

159 1028 979 103 d ẽgĩs ď guerre, mise d armee de mer uoya

156 1089 982 113 fes de ãbassadeurs, estatz de seigneurs

152 1149 976 117 p̃sens aux estrangiers, dont a ceulx qui

152 1230 979 107 biẽ les desseruẽt, biẽsfaiz aux aydans et

152 1309 671 106 corruptions aux nuysans.

159 1390 972 156 ⁋ De l inconueniẽt de trop longue paix

159 1592 979 153 ⁋ Cõsiderez q̃ uous mãgez uostre paĩ

145 1702 990 107 en seurette chascũ sur sõ lieu ⁊ sur sa sei-

149 1777 989 99 gneurie sans perte et sans dangier. Et le

149 1844 993 107 prince ueille ⁊ trauaille pour uoꝰ y gar-

149 1905 993 99 ger, dont i ay grant paour que ceste lõgue

152 1979 986 106 paix descõgneue uoꝰ face le dõmaige q̃l-

149 2054 993 95 le fist aux rommains quãt pour leur oy

152 2110 986 110 siuete delicieuse s appliquerẽt a mal, ⁊ ꝓ-

159 2181 983 96 mouuerẽt batailles ĩtestiues, guerres, ⁊

156 2249 989 85 discors ẽtre eulx du tẽps de Catilmet sci

159 2312 976 110 lia, ⁊ marius, Dont la seigneurie rom-

159 2380 983 106 maine est plus par eulx decheu sans res-

166 2447 933 107 sourse q̃ par leurs ennemys estranges.

166 2518 972 90 ⁋ Uoꝰ desirez la guerre en uostre pays

149 2586 993 103 peuple frãcoys pour uous ẽrichir, ⁊ c est

170 2642 972 107 la chose qͥ plus apourist, uoꝰ ne cherchez

166 2724 976 96 que matucion de tẽps, ⁊ conuoitez ce qui

166 2791 976 93 plus uoꝰ est cõtraire. Prenez pour exẽ-

170 2852 979 88 ple la mutinerie ⁊ praguerie de paris qui

173 2912 976 106 fut a plusieurs ꝑsonnes pour lors ioyeu

177 2983 965 110 se et depuis tres anguoisseuse et dont ilz

180 3050 781 146 crierẽt. Helas, cent fois le iour.

1440 273 763 110 Euple peuple uous uoꝰ plai-

1440 333 759 117 gnez des princes ⁊ dictes qu ilz

1436 404 763 106 ont toutes uoz richesses, mais

1216 269 231 302 P

1443 468 760 106 uous suffises d autant q̃ i ay cõ

1188 539 1018 110 gneu le discorde de uostre uie que uous

1195 620 1015 100 mesmes estes la cause de pourete ꝑ trois

1192 688 223 110 choses.

1277 773 926 184 ⁋ Des proces ⁊ question du peuple.

1199 936 1014 131 ⁋ La premiere est uostre mauldite ⁊ mal

1213 1039 993 96 eureuse ẽuie, car iournellemẽt les labou

1209 1110 997 92 reurs estudiẽt a surprendre sur la terre de

1209 1167 994 99 leur uoysins ⁊ s apliquẽt a rebouter l ung

1202 1234 1004 103 l autre. Le mecaniq̃ tẽd a rebouter le mar

1199 1301 1011 107 chant ⁊ le destruire, ⁊ le marchãt tache a

1213 1383 997 96 rendre le mecanique souffreteux. Il n y a

1202 1443 997 93 amour ne dilection en uoꝰ poure peuple,

1199 1514 1007 100 mais toutes noyses ⁊ debatz, uous ne

1199 1578 1000 103 pouez ẽsẽble uiure ⁊ si ne q̃rez q̃ les moy

1202 1656 1001 89 ens de uostre destructiõ. Pour deux doiz

1199 1713 1007 103 de terre uoire pour cĩq soubz ou pour une

1202 1777 997 103 seule ꝑolle ĩiurieuse ẽployez biẽ tout uo-

1202 1844 1001 107 stre auoir ⁊ cheuance. Pour en faire ung

1213 1922 990 100 groz ꝓces en la court de parlemẽt ou uoꝰ

1216 1990 994 92 uous faictes poures ⁊ meschãs ⁊ biẽ sou

1213 2061 993 95 uẽt uoz corps y demeurẽt poꝘ gaige. Et

1220 2132 990 95 uous craĩgnez aider a uostre prĩce de q̃l

1213 2199 997 92 que peu de uostre biẽ pour l ẽtretenemẽt

1206 2259 1004 103 de uoꝰ ⁊ de la chose publiq̃ ⁋ Il n est a pre

1209 2330 1001 96 sẽt si meschãt laboureur ou hõme de bas

1209 2394 1001 103 estat qͥ n ayst deux ou troys ꝓces cõtre sõ

1216 2451 994 120 uoisin ⁊ se uouldroiẽt auoir mãge l ung

1213 2532 1000 107 l autre cõme chiens ⁊ chatz. Ce n est a p̃sẽt

1209 2593 1001 103 du peuple q̃ ẽuie ⁊ contẽption, il deman-

1213 2667 1000 103 de la guerre et il a fait luy mesmes, il se

1206 2738 1004 107 plaint de la male meschance que luy mes-

1206 2813 660 92 me ueue d oeil se procure

1348 2884 865 86 ⁋ Du trop graut estat du peuple.

1227 2933 983 115 ⁋ L autre chose qͥ uous rẽt souffreteux

1223 2997 994 118 peuple cõmũ est la dissoluciõ des estatz ⁊

1223 3072 983 170 la []erfluite des habitz car a p̃sent ung

1983 3171 85 110 u.i.
