3126 4890
273 501 346 366 A

607 521 1516 135 Nte diem festum pasce. ⁊c. Iohãnis. xiii. capitulo

611 631 1508 139 Deuãt la feste du iour de pasques quãt i euz fait

603 725 1516 118 mon soupper ⁊ ma cene auec mes disciples pres

281 815 1842 130 du temps q̃ ie deuoie et uouloie souffrir mort ⁊ trespasser

277 908 1842 127 de ce mõde pour aler a mõ pere. Ie m ẽ alay en la mõtaigne

264 998 1855 134 d oliuet auecq̃s mes .xi . disciples ⁊ priay a mon pere lõgue

273 1092 1846 126 ment en grãt angoisse de cueur et de corps Et quãt i entẽdy

268 1177 1851 135 ⁊ sceu de uray les horribles ⁊ crueulx tormens q̃ ie deuoie

277 1271 1842 143 prouchainemẽt souffrir ie cõmẽcay a suer sãg par tout mõ

268 1348 1851 143 corps si abondamment que le ruissel en couroit ꝑ terre. ¶ A

268 1442 1847 155 grãt peine pouoit croire homme uiuant dessoubz le ciel le ᷤᷤ

268 1548 1859 118 angoisses ⁊ les douloureuses afflictiõs q̃ ma nature tãt de

260 1625 1875 135 licatiue souffrit ⁊ soustint de la tres grãt paour ⁊ horreur qͥl

268 1727 1863 127 eut. ¶ Asses tost ap̃s uĩdrẽt le ᷤᷤ enfãs de tenebres des faulx

273 1805 1862 155 iuifz sergens ⁊ uarlets des ennemis d enfer ⁊ me prindrent

273 1923 1862 110 ou iardin ⁊ me lierent cruellement ⁊ me ramenerẽt en la ci-

273 2013 1862 114 te. Toute celle nuyt se occuperent a moy tormenter en lapi

273 2086 1862 138 dant et en trauaillant mon corps, ilz auoiẽt le cueur ⁊ la dẽt

273 2192 1866 118 a moy faire souffrir peines, iniures, mocq̃ries obprobres et

277 2269 1858 143 flagellemẽs qu ilz firẽt sur moy. Ilz me crachoiẽt ou uisage

277 2371 1858 131 ⁊ me estouppoient les yeulx et me rompoiẽt le col de coups

277 2469 1858 130 ⁊ par force de horions. ¶ Et aĩsi comme foles gens ⁊ ẽra-

281 2563 1854 126 gies ilz se leuoient cõtre moy Le matin en l ostel de cayphas

273 2644 1866 127 ilz dirent ⁊ iurerent q̃ i estoie digne de mort pour une ueri

281 2738 1858 138 te que i auoie dicte ¶ Celle qui m auoit conceu, porte

281 2844 1854 114 ⁊ enfante auoit telle compassion de moy qu elle en estoit du-

285 2929 1858 119 rement greuee iusq̃s au cueur et tousiours habondãment

281 3023 1862 110 plouroit sans remede ⁊ sans prendre cõfort. Et lui partoit

285 3113 1862 110 le cueur quãt elle me ueoit a telle honte ⁊ a si grief martire

297 3190 1850 139 ¶ De la ie fus mene deuant pilate, accuse et condamne.

289 3300 1858 118 Mes aduersaires me regardoient par grãt hayne ⁊ ꝑ souue

297 3386 1859 110 rain appetit de uengẽce ⁊ si crachoient cõtre moy aĩsi com

285 3467 1866 131 me gean ⁊ ie me tenoie humblemẽt et chief enclin uers la

289 3581 1867 192 terre ẽ grãt paciẽce de cueur; si comme l aignel q̃ on porte au
