3113 4882
984 528 1852 135 souffrit mort ie te respons q̃ c est pour toy ⁊ par ta cause et

980 634 1852 122 pour ton peche affin q̃ ꝑ la difformite il te reformast ⁊ en uer

976 724 1852 110 tus ⁊ en charite ⁊ q̃ par les playes et le sang de son p̃cieux

968 801 1860 126 coste de sõ corps il te peust garir de la plaie mortelle de

976 903 1852 126 peche ⁊ de la mort ꝑdurable ⁊ te restituast a la uie de gloire

968 996 1860 114 q̃ tu auoies ꝑdue par ton oultrage. ¶ Dont se tu regar-

976 1086 1856 110 doies ton amy iesus de l oeil amoureux tu le uerroies plai

976 1167 1860 122 d amours ⁊ de ꝑfaicte charite leq̃l ne t a pas ame de parol

972 1269 1856 114 les ne de ꝓmesses comme font maintes gens. Mais ta a-

968 1362 1860 114 me de fait et son amour a este bien approuuee Car il a ame

960 1440 1864 126 iusq̃s a la mort ⁊ iusq̃s a estre h̃õteusemẽt crucifie pour toy

972 1537 1860 135 Si appert bien q̃ la forme ⁊ disposicion du corps de iesu crist

968 1639 1860 102 traicte a cause de sa deite ⁊ amere passion demõstre mieulx

964 1724 1864 110 l amour q̃ iesus eut a toy q̃lle ne mõstre difformite ¶ Et

956 1802 1880 130 se la ꝑsõne ne sent ne ne congnoist cest amo᷑ ce n est pas a

964 1908 1864 118 merneille puis qu elle n ayme iesu crist Car l  oeil malade bet

960 1993 1872 134 la clarte ⁊ l oeil haittie s ame ¶ Disciple ¶ Uenerablemẽt

968 2082 1864 131 ⁊ sans doubte il est uray ⁊ le ᷤᷤ yeulx sõt benereux qͥ le peuẽt

964 2180 1868 110 uoir car ie croy bien q̃ peu de gẽs le uoient Mais seulemẽt

956 2266 1876 134 ceulx qui l ament ardemmẽt ¶ Trop est faulse ⁊ deceuant

964 2367 1872 126 la grace mõdaine. Trop est faulse ⁊ uaine la beaulte corpo-

964 2453 1868 130 relle. Et bien doit estre fol repute qͥ iuge selon la face et non

956 2550 1872 122 selon la uertu ¶ Qui ame par la plaisance foraine ⁊ non po᷑

968 2648 1864 110 beaulte ne pour bonte interiore il prent faulx pour uoir et

964 2737 1864 114 mal pour bien. Et pour ce est il deceu en la fin ⁊ ne recoit

964 2811 1868 130 nul fruit. ¶ Sapiẽce. ¶ Pour mettre en ton cueur ⁊ pour

964 2929 1872 110 souuẽt ramener a ta memoire Pour donner art et forme a

964 3010 1864 130 toy de moy amer ie me uueil retraire et raconter une par

964 3112 875 171 tie de celle saincte passion.

1249 3275 1579 150 Cõment le bon disciple se doit a la pasison de iesu-

1249 3364 1579 207 christ cõfermer. Et cõment sapience nous uoult

1245 3462 366 252 rachater.

1835 3458 492 280 ¶ Chap. iii.
