3148 4896
265 493 1874 131 descẽdent tout prochainemẽt du createur pour tant q̃ l ãge

265 587 1866 131 est la plus ꝑfaicte creature qͬ soit ¶ Et pour tãt est elle plus

265 681 1870 139 prouchaine ⁊ plus semblable a son createur. Et l omme des-

265 779 1874 134 pend de l ange pour tãt q̃ l omme est mortel ⁊ l ange non Et

265 869 1878 118 la beste mue despend de l omme car l omme a entendement

261 950 1882 139 ⁊ la beste non. Et les arbres despẽdẽd des bestes mues car

265 1052 1878 118 les bestes mues ont sentemẽt ⁊ les arbres non. Et tout en

257 1146 1886 118 la maniere q̃ une creature surmõte l autre en ꝑfection de de

265 1240 1886 110 gre en degre En telle maniere conuiẽt il mõter de uertu en

265 1326 1882 118 uertu qͥ ueult uenir iusq̃s a dieu. Et pour tant se tu as en

257 1399 1886 151 tẽcion de uenir a la uoie et certaine congnoissance de moy

265 1509 1878 135 C est a dire de la diuinite il te conuient commẽcer au plus

269 1595 1882 126 bas uers la terre Si comme fait celui qͥ ueult mõter une es

257 1685 1898 130 chielle commẽce a mõter le p̃mier eschellon plus pres de la

265 1778 1882 131 terre ⁊ puis le second en hault ⁊ tousiours ap̃s de l un a l au-

257 1872 1894 123 tre ¶ Semblablemẽt le p̃mier degre pour monter a con

265 1966 1882 147 gnoissance de la diuinite est l umanite de iesu crist Car c est

269 2068 1882 118 la creature en terre qͥ plus ꝓpremẽt ⁊ p̃mierem̃t rep̃sente la

265 2154 1886 122 diuinite ¶ Ap̃s cestui degre mõteras tu au second; c est

269 2235 1886 131 a la souffrance de l umanite ¶ De la souffrãce a la pacience

269 2346 1890 122 puis aux miracles qui apparur̃t a la mort Et ainsi de l un

273 2435 1882 115 en autre tu trouueras le droit chemin royal ⁊ mõteras en

285 2509 1878 138 hault ⁊ pourras mõter iusq̃s a la congnoissance q̃ tu desire ᷤᷤ

265 2619 1886 130 ¶ Disciple.  ¶O sapiẽce sans fin ⁊ sans commencemẽt

285 2721 1870 102 qͥ du souuerain throsne ⁊ des sieges royaulx es descendue

277 2794 1886 135 ⁊ qͥ du cueur de dieu le pere es issue pour uenir en ceste ual

281 2880 1874 126 lee plaine de pourete ⁊ de misere qͥ par l espace de .xxx. as as

281 2974 1874 139 porte ⁊ endure exil et la durte de ce doulent mõde qui par le

281 3080 1882 102 mistere de ton amere passion et de ta dure mort as uoulu

277 3157 1878 139 monstrer la singuliere amour dõt tu amois l umain ligna-

281 3259 1878 131 ge Pour celle piteuse mort, amour ⁊ charite ie te prie de tout

281 3357 1887 106 mon cueur que tu te ueilles mõstrer a moy en la forme ⁊ en

277 3443 1891 131 la figure ⁊ en la ꝓpre disposicion tres piteuse ⁊ tres amoureu

281 3525 1654 191 se q̃ tu acq̃s ⁊ uestis a cause de ta tres amere passion.
