3085 4886
998 513 1834 146 bouchier pour le mettre a mort aĩsi me taisoie sans mot di

1002 610 1830 139 re ¶ Ap̃s herodes me uestit d une cotte blanche ꝑ moq̃rie

994 712 1834 130 ⁊ derision. Et chascũ se moquoit de moy comme d ũg fol,

994 802 1842 134 mon corps affligerẽt ⁊ flagellerẽt. Mõ chief d ung chapeau

998 899 1838 135 d espines poĩgnans couronnerent ⁊ me ꝑcerent iusq̃s au

990 993 1842 134 cerue, ma face de sang ⁊ d ordure honnirẽt. Et quant ie

990 1070 1846 147 fuz iuge pour estre pendu ilz me mirent le gibet au col ⁊ fina

990 1176 1854 122 blement me menerent au lieu du torment ⁊ crioient a haul

986 1266 1850 130 te uoir tous ensemble. Pren, pren, oste cest homme ⁊ le

990 1347 1821 155 crucifie car c est ung mauuais homs ¶ Disciple. ¶ O

986 1457 1854 118 pitie souueraine le cõmẽcemẽt de ta passion fut elle si cruel

986 1535 1854 146 le ⁊ si amere; Hela ᷤᷤ quelle sera la fin; En bonne foy ce me se

990 1624 1850 130 roit souueraine desolacion de cueur se ie ueoie une beste

986 1722 1854 122 mue souffrir comme tu as souffert Helas dõc par plus for-

982 1820 1862 126 te raison eusse ie este triste et bien desole se i eusse ueu mõ cre

986 1917 1858 118 ateur ⁊ mon sauueur si duremẽt ⁊ non humainemẽt traicte

986 2007 1854 114 et lapide ¶ Et dõc a bõne cause aura mon amie compassiõ

982 2100 1862 123 ⁊ souuenac̃e de toy. Mais encore y a une chose q̃ ie desire a

982 2186 1862 126 sauoir ne ie ne m ẽ pui ᷤᷤ merueiller. C est quãt ie te demã

978 2263 1862 147 de de ta deite; tu me mõstres ton humanite. Et quãt ie te

982 2369 1858 122 demãde ta doulceur tu me p̃sentes ton amertume Quãt ie

982 2447 1862 130 ueuil comme l enfãt succer ta mamelle tu me ueulx faire en

978 2552 1862 135 trer en champ de bataille ¶ O sapience ꝑdurable pour

978 2642 1862 151 quoy fais tu cecy; q̃lle chose me ueulx tu mõstrer ⁊ signifier

982 2736 1858 126 par ceste maniere. ¶ Sapience. ¶ Saches de uray que

978 2833 1858 114 nul ne peult uenir a la congnoissãce et compaignie de la dei

978 2911 1854 134 te ne a la doulceur de paradis s il n y est trait par la corde

982 3013 1850 118 de ꝑfaicte amour ⁊ charite. ¶ Et s il n a p̃mieremẽt gouste

973 3094 1855 134 l amertume de ma passion Et celui qui plus hault mõte sã ᷤᷤ

978 3204 1854 114 ceste eschielle de tant chiet il plus en ꝑfont car c est la uoie

973 3293 1859 114 par laquelle on ua en gloire. C est la porte par laq̃lle on y en

969 3379 1859 122 tre. C est le chemin par ou on uient a la fin desiree. Et po᷑

973 3481 1859 106 tant metz ius desoresenauãt toutes telles doubtes ⁊ pao᷑

973 3566 1859 184 et prens courage d omme, deffens toy uigoureusemẽt, ar
