3167 4930
929 538 1896 107 ues et acõplis. Et cecy disant ⁊ pensant sesioyssoit son cue᷑

925 628 1892 99 iubiloit, en son courage se deuisoit et deduisoit et par exces

929 706 1892 132 de soulas disoit ⁋ Super salutẽ ⁊ omnẽ pulcritudinem di

921 809 1904 119 lexi sapienciã et proposui pro luce habere illam. I ay aime et

925 899 1896 111 aimeray dãe sapiẽce ꝑ dessꝰ toute ᷤ beaultes de toute ᷤ creatu

933 986 1888 164 re ᷤ Et ay ense qu elle sera lumiere pour moy alumer en doc

933 1092 889 144 trine conduire et enformer

1225 2107 1604 123 Enerunt autem michi omnia bona pariter cũ illa

1233 2202 1600 110 Tous biens me sont uenus auec l amour de mon a

933 2112 292 303 U

1221 2284 1604 119 mie sapiẽce et toute honnestete ⁊ ie l ayme de tout

925 2370 1900 123 mon cueur sans saintise. Pour le temps q̃ les choses deuãt

933 2469 1892 111 dictes se disoient et faisoient le disciple print sa fiance en di

929 2551 1896 131 eu et cõmenca a parler a celle qu il auoit espousee par grant

937 2666 1892 103 amitie en disant. O tres amoureuse sapience tu e ᷤ celle ⁊ seu

933 2748 1892 111 le qui cõgnoi ᷤ la nature du cueur amoureux; tu scez bien que

929 2842 1888 132 on ne peut amer ce que on ne cõgnoist Et puis q̃ tu me reqͥ-

929 2941 1896 103 ers q̃ ie n aime autre amie q̃ toy ⁊ que tu ueulx estre ma seu-

937 3023 1876 115 le amie, fay dõcques tãt que i aye clere cõgnoissance de toy

921 3110 1896 119 affin q̃ ie puisse mieulx acõplir ce que tu me cõmandes ⁊ en-

921 3196 1892 135 seignes. ⁋ Sapiẽce. ⁋ Quãt dieu fist toutes les choses qͥ

929 3294 1892 128 sont crees si cõme ciel et terre ⁊ les autres choses il donna

925 3385 1896 135 une telle loy ⁊ une telle ordõnance a nature q̃ une creature

941 3500 1876 103 despend naturellement de l autre. C est a sauoir la men-

937 3586 1876 197 dre de la plus grande, si comme on diroit que les angels
