3120 4886
993 557 1862 122 que de tes aduersaires. ¶ A doncques pourras tu dire

993 671 1854 98 auecq̃s dauid. ¶ Supra dorsum meũ fabricauerũt pecca-

985 753 1870 122 tores. ⁊c. Ap̃s seras ame auec moy hors de la cite ⁊ porte

985 855 1866 101 ras la croix comme ie la porte quãt tu renonceras a ta pro-

985 928 1870 130 pre uoulente Et q̃ tu fuyras toutes les ꝑsonnes qui empes

981 1034 1870 101 cheront ton sauuem̃t et cesseras toutes foles compaignies

981 1123 1870 114 si comme fait l omme qui a leure de la mort renonce a tou-

981 1197 1870 122 tes choses terriennes. ¶ Or dõc soies de fort courage ar-

981 1294 1870 118 me et appareille ton ame cõtre tẽptacion Car ie t ay anõcie

981 1380 1874 134 les choses qͥ te sont a aduenir ¶ Disciple. ¶ O parsõt a

985 1473 1866 127 bisme du iugement de dieu. O comme fait a doublr lor

981 1575 1866 110 donnãce pardurable de nostre seigneur iesu christ po᷑ quoy

981 1665 1866 126 se te l ose dire ne ordõnas tu une maniere plus aisee ⁊ plus

981 1750 1870 122 paisible pour racheter l umain lignage. O pour quoy se di

985 1856 1866 114 re l ose as tu ce fait a nous qui tãt sommes maleureux Ne

977 1946 1870 114 peux tu trouuer en ta sapiẽce ꝑdurable une maniere cour-

977 2039 1874 110 toise par quoy nature humaine fust rachetee et ton amour

989 2133 1866 106 demonstree. Et pour ce tueusses eschieue et eschappe les

985 2223 1866 114 peines que tu as endurees et si nous eusses supportez et es-

981 2312 1874 118 pargnez des compassions que nous auons des griesues

981 2390 1874 130 douleurs q̃ tu as portees ¶ A bonne cause ꝓphetisa ãcien

977 2491 1878 114 nemẽt le saĩt ꝓphete iheremie de toy quãt il dist ẽ sõ liure ou

977 2577 1874 130 . xiiii. chapitre ¶ Quare futurus es uir uagus ⁊ uir fortis qͥ

977 2671 1874 118 non potest saluare. Pour quoy dit il uendras tu aĩsi cõme

977 2768 1874 114 ung homme uague et comme ung homme fort qͥ ne pour-

973 2866 1874 106 roit sauuer la gent. Pour certain tu uins comme homme

973 2943 1878 127 uague ⁊ estrange qͥ n auoies hostel ne maison. Mais te con

973 3041 1878 118 uenoit heberger en la maison de marthe et des autres de

969 3139 1878 110 uotes ꝑsonnes Tu fus uague repute pour ce que tu aloies

969 3224 1878 126 par les uilles et ꝑ les cites p̃schant et enseignant le peuple

977 3326 1874 114 Tu estoies fort ⁊ uigoureux mais tu ne uoulz pas mõstrer

973 3416 1870 114 ta force ou temps de ta passion. Et pourtant disoiẽt les

969 3501 1878 118 iuifz en toy moquant q̃ tu sauues les autre ᷤᷤ et si ne te peux

973 3595 1874 183 toy mesmes sauluer ¶ Sapience. ¶ Nature ⁊ substãce diuĩe
