3141 4896
314 550 1879 139 mens qu ilz pouoient penser ilz trauaillerent le Roy de gloi

318 665 1859 122 re. Et non pourtant amonr me fist tout paciemment por-

310 734 1867 139 ter. Car ie desiroire souuerainement q̃ ie l auasse les peche᷑ ᷤ

314 828 1871 138 ou sange de mon coste. car ie uouloie satisfaire a dieu mon

318 942 1859 131 pere pour leurs deffaultes et pour leurs miseres. Et pour

314 1020 1863 171 tous ceulx qui se uouldront repentir et faire leur paix a mõ

310 1134 298 151 dit pere.

321 2154 303 294 M

575 2121 1618 147 Es yeulx respandez uos lermes, plores et criez et

608 2239 1585 111 a toutes heures n ayes repos ne iour ne nuyt, tou

612 2321 1581 122 te ioye et toute liesse mondaine se doit traire arri

314 2407 1867 118 ere et toues les chose ᷤ qui plaisir me faisoient prennent le᷑

318 2492 1871 135 depart de moy ne iamais ne me soient en presence. Aincoi ᷤ

314 2603 1875 130 me laissent querir et chercher ung lieu secret et place soli-

318 2700 1871 107 taire pour plorer et gemir les griefs maulx et les griesues

318 2778 1875 122 douleurs et les griefs peches Dont ie suis nouuellemẽt en

318 2876 1867 122 tachie lesquelz m ont mis de grant liesse en grãt misere. Et

318 2966 1879 118 de la fleur de ma ieunesse m ont amene ⁊ leue en l estat de sou

318 3051 1871 143 ueraine tristess ⁋ O ma doulce ame ⁊ mon poure esperit

314 3149 1879 119 entre et te boute ou secret de ton cueur mõte par dessus tou

314 3239 1879 118 tes choses mondaines et corrõpables, quier ung lieu seul a

318 3325 1871 130 par lui et plain de desolacion. Ua sur la montaigne de me-

322 3414 1871 127 moire pour ueoir plus loing regarde et te remẽbre des pe-

310 3516 1879 127 ches et de tes autres oultrages. Clame, uray, ⁊ crie ⁊ huche

326 3606 1859 119 de cue᷑ souspirãt ⁊ en plorãt d un cõplaint amer et dolent cõ

314 3696 1867 171 plaĩs toy ⁊ crie si fort ⁊ si hault q̃ ta uoix ẽ aille ꝑ dessꝰ le ᷤ mõ

1846 3794 167 159 ciiii
