3148 4885
289 508 1861 159 scez par exꝑience qͥl est poure, doulẽt, naure et chetif; plaĩ de

289 602 1853 138 douleur ⁊ de misere. ⁋ Sapience. ⁋ Semblablemẽt ad

289 696 1853 134 uient q̃ les urais amoureux et les iolis amãs ne font for-

289 785 1853 139 ce des pointures ne des aguillos̃ que le rosier porte mai ᷤ

289 891 1857 122 leur suffist qu ilz puissent cueillir et auoir la rose qu ilz desi-

293 964 1857 159 rent. Semblablemẽt aduient q̃ les espousees de ce mortel

293 1054 1857 146 mõde se mõstrent belles et plaisans et delitables aux mon

289 1164 1861 126 dains amans mais en la fin elles sont poingnãs et sont en

289 1253 1861 135 uenimees. Il semble au dehors que ce soit ung rosier char

285 1351 1861 126 gie de roses. Et par dedẽs sont plaines de roignes, de po-

285 1428 1861 139 urete, de maladie et de uenin. ⁋ Elles ament de parolles

285 1522 1865 130 Mais leurs fais sont plains de faulsete ⁊ de trahison Pour

285 1612 1861 138 tant q̃ les faulx amãs mõdains quãt les uoient parces et

285 1717 1865 131 aornees par dehors ⁊ ne pensent pas q̃ ce soit ung bouton

280 1799 1866 130 noer poĩgnant ⁊ perilleur ⁋ Et sapience ta loyale espouse

285 1888 1861 127 est tout au cõtraire car elle semble estre au dehoros laide, hor

280 1970 1866 142 rible ⁊ despite et deffiguree ⁊ par dedẽs est belle, clere ⁊ relui

285 2088 1865 110 sant Sa char dehors appert estre morte mais la clerte de

289 2173 1861 131 la deite reluit dedens Se tu as bonne creance croy q̃ ton a

285 2259 1857 142 my est bel ⁊ pur de forme et plaisant. Car celui q̃ tu uois

285 2336 1869 143 ꝑ dehors si defforme s il se mõstroit en telle figure comme il

280 2442 1866 126 est en sa deite tu te effrayeroies tout auec la uertu de sa

280 2532 1849 134 clarte par la beaulte de se face et par l excellence de la ioye q̃

280 2625 1866 126 tu auroies Car nul homme ne le pourroit ueoir en celle fi-

285 2711 1861 142 gure qu il be ꝑdist la uie corporelle ⁋ C est celui ou q̃l regart

293 2833 1853 114 les anges prennent leur plaisir. Et pour certain combien

293 2906 1853 118 q̃ le corps de iesu crist te semble mortifie ⁊ ẽlaidy et la forme

289 3000 1853 130 deffigure tu ne dois pour ce cuider ne tenir q̃ ce soit laidure

285 3097 1857 118 ne defforme te mais l apparement de toute beaulte ne tu ne

293 3191 1853 102 te dois pas arrester a la figure q̃ tu uois mais dois penser

280 3268 1858 135 a la peine ⁊ au torment qu il a ẽdure de qͥ ⁊ pour quoy il a tãt

289 3366 1844 122 souffert ⁋ Se tu demãdoies ceste souffrance dõt elle uiẽt

289 3447 1849 131 Ie te respons q̃lle uiẽt de la tresgrant amour et charite qͥl

297 3541 1845 191 auoit en l umain lignage ⁋ Se tu demãdoies pour quoy il
