3138 4886
994 476 1858 155 ⁋ Sapience. ⁋ De tant comme il semble et appert

1006 582 1858 134 plus palle, plus trouble et plus mortiffie par force d amour

1002 675 1858 131 ⁊ par la douleur de la mort de tãt doy ie estre par raison plꝰ

1002 765 1862 147 plaisant ⁊ plus amee au cueur piteux ⁊ a deuote pensee car

998 863 1866 126 si comme l amant desire d estre ame de ce qu il ayme ainsi de-

998 948 1871 147 sire l amãt q̃ l amour de celui qu il ayme soit apparant et de

998 1042 1866 138 monstree Car l amour enclose ⁊ celee ne peut estre cõgneue

998 1135 1866 131 ne sceue fors seulemẽt a celui qͥ ayme Et pourtãt le urais

986 1229 1878 118 amãs font tout le pouoir de q̃rir et trouuer signe certaĩ

994 1311 1870 146 ou apparant de ce qͥlz ayment pour sauoir se ilz sont ames

994 1412 1875 123 comme ilz ayment. Et la cause est, car chascũ scet combien

994 1486 1870 134 qͥl ayme mais il ne scet combien il est ayme se ce n est par si-

994 1587 1866 135 gne ᷤ forains Et pourtãt aduient souuẽt q̃ la lãgue se taist

994 1685 1870 122 ⁊ les signes forains parlent ⁋ Et plusieurs fois est adue

994 1779 1870 122 nu q̃ les amans iugent une maniere ou une cõdicion graci

990 1872 1874 123 euse en icelui ou en icelle qu ilz aiment Et lui est mal seant ⁊

994 1950 1875 130 laide chose ⁊ cõtre raison selon le iugement De ceulx qui ne

986 2043 1874 139 iugent mie par affection ne par partie ⁋ Disciple. ⁋ Se-

990 2133 1874 130 lon l amour du mõde tu dis tres bien car ainsi est il, mais ie

986 2239 1878 126 ne puis entendre qͥl soit ainsi ne puisse estre semblablement

986 2333 1874 126 a l omme qui fut pour nous crucifie. Ie scay bien q̃ l amant

982 2430 1878 118 mõdain treuue maĩteffois ce qu il ayme des choses qui lui

982 2508 1874 126 sont desplaisãtes mais non pourtãt il en y treuue plus de

982 2605 1882 118 celles qͥ lui plaisent car autremẽt il n ameroit point ce qu il

978 2699 1874 122 ayme s il n y trouuoit plus de plaisir que de desplaisir ⁋ Or

982 2780 1878 139 n est pas ainsi de iesus le crucifie. Car il fut si deffigure ⁊ en

982 2882 1870 118 laidy par torment de la croix ⁊ de la mort, qͥl n a en sõ corps

978 2972 1874 126 sogne de beaulte par quoy a mon aduis on le doie amer. Et

982 3065 1866 123 plus fort il me semble qu il porte plus chiere pour estre hay

982 3159 1870 130 q̃ po᷑ estre ame pourtãt q̃ ses playes le fõt abhoĩnable ꝑ de

978 3253 1870 110 hors Et sa doulceur de cueur l aniantist par dedẽs ne il n y

978 3342 1874 114 a beaulte ne figure au regart des amans mais est tout plaĩ

978 3424 1870 126 de pourete, de miseres et de meschiefz. Et commẽt doncq̃s

969 3521 1883 188 peux tu dire qu il est digne d estre amãt ⁊ d estre ame car tu
