2276 3244
654 300 217 246 Q

884 375 1015 100 ut pourroit ueoir tant de mutations

882 454 985 102 Sans en faire grans lamentations

684 529 1077 106 Pas n ay uertu pour porter telle charge

671 602 1017 95 Si riens ualoient argumentations

668 686 1183 84 Dont nous uiennent telz supplantations

681 746 1180 102 Ueu que le monde est tant grant et si large

681 829 1305 109 Que n a prins mort les gens de maindre marge

684 908 1088 94 En les couurant dessoubz sa noire sarge

681 981 980 86 Rompas noz ducs et confortations

679 1057 988 89 Qu elle a passez en sa dolente barge

681 1132 1110 87 Contre son traict ne uault escu ne targe

673 1194 945 95 En douleur sont ses delectations

600 1303 282 250 P

890 1411 982 89 ar ceste mort le sens guerre mortelle

895 1478 1018 100 Mort telle fut desconcques tres rebelle

673 1568 948 89 Belle n est pas gente ne aduena

676 1627 993 92 Uenãt acoup et uoulentiers se cele

681 1705 1245 95 Celle fait tant que tout hault bien chancelle

687 1784 1153 92 Ancelle est donc dõmageuse et meschante

676 1846 1207 113 Chante qui ueult elle est tousiours dolente

681 1927 1069 98 Lente a tout bien⁊ en doueul excellente

684 2011 947 92 Cellente aussi doyr male nouuelle

681 2081 1183 89 Elle est de tous haults meschiefs cõtenãte

671 2149 1001 97 Tenãte en soy tristesse permanante

663 2235 1104 130 Manãte en pleurs et douleur eternelle
