2264 3232
641 325 240 221 E

849 385 910 86 t en noz iours ce prince de sagesse

843 460 1024 100 Le bon duc iehan nõ pareil en largesse

668 541 1067 81 Ne le print mort par son cruel oultrage

668 597 941 89 Certes si fistidont amere destresse

657 678 997 89 A longuement este nostre maistresse

654 751 1149 89 L auoir perdu nous fut haultain dõmage

663 832 1258 99 Fier fut aux fiers; aux bons doulx en courage

652 896 1094 100 Prudent en faictz et begnin en langage

649 966 1162 103 Autant ualoit que ung seelle sa promesse

649 1039 1170 100 Oncques ne fist ung deshonneste ouurage

644 1109 1215 105 Des benoists cieulx luy doint dieu l heritage

644 1185 1115 118 Car en son temps pere estoit de noblesse

608 1328 241 234 A

846 1397 1016 113 insi ung iour noz meschiefs aduisoye

843 1481 925 102 Et a par moy en y pensant uisoye

641 1556 1000 95 Que tous tirent a ce piteux trespas

641 1632 871 83 Es croniques anciennes lisoye

638 1702 1089 89 Par lesquelles maints hõmes deuisoye

633 1777 1089 97 Haults ⁊ puissans qui ont passe le pas

636 1839 1126 100 Et nous mesmes trop plustost que le pas

630 1923 979 91 Alons apres de ce ne doubtons pas

636 1984 1140 103 Pourquoy mon cueur de douleur rauisoye

636 2068 1070 97 Et luy donnay ung tant piteux repas

636 2141 940 86 Que ie perdy de raison le compas

649 2211 1016 129 Tant que ne sceu que ie fis ou disoye
