2264 3244
554 286 335 306 D

876 367 982 95 auantage fortune nous court seure

879 440 1209 116 Dõt mainteffois le peuple en uain labeure

592 513 1204 108 Car ce qu ilz ont a grant peine assemble

673 594 1277 106 Par tres long temps se pert en bien peu d heure

676 670 1198 92 Et tant souuent que riens ne leur demeure

678 743 917 97 Soit en auoir en argent ou en ble

676 811 1001 100 Ilz perdent lun; lautre leur est emble

668 889 968 100 Aulcunesfois a plusieurs a semble

670 965 1204 89 Que dieu leur nuyst ⁊ point ne les secueure

670 1027 1201 108 Les ungs de froit ont maintesfois tremble

678 1113 1099 89 Aultres par fain ont les mors resemble

681 1186 909 111 Uoyant cecy ay ie tort ie pleure

603 1318 262 247 L

833 1392 1168 113 es grans pillent leurs moyens et plus bas

827 1457 1244 124 Les moyẽs sõt aux maint cabas

662 1549 1015 97 Et les petis s entre ueulent destruyre

668 1622 1363 105 Telz qui n ont pas uaillant d eux meschans bas

662 1689 990 103 Uoyt on souuent auoir mille debas

662 1757 898 102 Aulcunesfois se naurer et occire

662 1838 1047 102 Ainsi par l un l autre souuent mal tire

659 1916 1099 103 Et deulx mesmes se procurent martyre

670 1981 1069 111 Il fust assez d aultres plus beaulx esbas

668 2070 1036 92 O dieu qui es nostre uray pere et sire

673 2127 1120 105 Nostre faict ua huy mal et demain pire

665 2200 1058 151 Quant de telles afflictions nous bas
