2252 3244
627 264 232 260 C

656 278 73 238 c

862 378 989 89 est assez mal pour yssir hors du sens

851 437 1025 109 Car i appercoy clerement uoy et sens

667 521 1195 103 Tous les plus grans les moyens et menuz

662 594 1197 103 Que chascun iour; uoyre a milliers et cens

651 670 1006 89 Mort tyre a soy uiolentement; sans

651 740 968 95 En auoir eu oncques pitie de nulz

651 811 1171 100 Ueu que mesmes au monde uenons nudz

651 889 971 92 Et que trop peu y suymes retenuz

646 962 1178 92 Huy nous uoyans presens; demain absens

646 1032 881 97 Et si n en est gueres de deuenuz

651 1094 1127 117 Iusques au temps d estre uielz et chanuz

646 1181 986 111 A cestuy cas pas bien ie ne m assens

610 1313 245 260 S

643 1340 49 214 s

827 1400 1019 103 i ma langue d en parler trop sauante

816 1465 1157 111 Pardonnez moy pour dieu ma ñ sauance

605 1532 1117 106 Car desplaisir me contrainct de le faire

632 1605 1114 111 Par la tres grief et dure apperceuance

643 1681 1100 114 De ceste mort qui pas dhuy ne cõmence

638 1762 867 95 A nature suffoquer et deffaire

640 1827 1182 119 Las nous uoyons que c est tout son affaire

643 1900 968 111 De destruyre ce que iamais refaire

643 1973 1079 111 Ne peut nes ũng pour aulcune sauance

643 2043 1187 119 Qu il ayt de dieu; lequel peut tout parfaire

640 2114 1087 113 Dont ie ne puis le ioyeulx contrefaire

643 2195 973 140 Considerant tant piteuse greuance
