2208 3204
168 312 224 235 O

395 363 759 106 miserable ⁊ tres dolente uie

400 435 1070 107 Qui en nul tẽps ne peut estre assouuye

208 515 1232 93 De biens mondains dont n auons que l usage

200 590 1224 96 Car quant aulcun de nous meurt ou desuye

203 659 967 96 Prenons qu il ayt louenge desseruie

205 731 1029 94 Et bien grandes richesses dauantage

203 803 1101 102 Il laisse tout quant ce uient au passage

197 891 1096 94 Riens n emporte pour ce n est il pas sage

205 947 858 96 Qui en dieu n a sa pensee rauie

203 1001 1138 133 Sans luy suymes de mort le uray ymage

200 1097 1018 99 Et l ennemy de tout humain lignage

213 1169 1021 109 Par chascun iour en enfer nous cõuie

144 1283 264 348 G

390 1383 1197 98 ens aueugles; gẽs sourds; mutz; insensibles.

414 1457 1179 134 Gens sãs amour a nous mesmes nuysibles

203 1524 943 94 Qui ne tendons fors a dannation

205 1604 1123 91 Gens orguilleux plus que lyons terribles

200 1671 1190 112 Ha tant nos faicts dannables sont uisibles

203 1762 823 80 A ceulx qui ont ymagination

200 1828 794 86 Doloreuse meschante nation

197 1901 1003 90 Qui suymes plains d abhomination

197 1973 971 96 Et de toutes corruptious passibles

203 2042 874 85 Peu demourons en domination

205 2117 909 85 Et quant se uient l examination

205 2181 1131 133 La mort nous rend trespuans et horribles
