2160 3204
182 325 218 225 E

384 376 805 93 n ce penser et oultre tout cecy

392 461 1035 99 Pour augmenter mon doloreux soucy

203 531 901 88 Continuant le dolent desconfort

200 598 1064 90 Qui durement m auoit le cueur noircy

200 680 1021 80 Uint une uoix qui me dist tout ainsi

192 747 1163 94 Mort de nouueau a fait bien grant effort

197 827 1016 80 Le duc francoys et conte de montfort

195 899 1007 86 Et richemont qui tant fut bel et fort

192 963 922 83 Est decede dieu le prenne a mercy

189 1030 1078 91 Mais ie croy bien que le scaues au fort

181 1105 1080 99 Pour ce uous pry d auoir ung reconfort

195 1193 994 80 Aultres que uous y ont perdu aussi

118 1262 266 289 D

376 1372 976 91 es plus dolens dessoubz la lune l un

384 1452 1032 99 De ce grant cas qui est a tous cõmun

184 1532 1155 88 Que celle mort nostre bon maistre a prins

181 1596 1024 99 Ce iour uy nobles clercs et cõmun

187 1668 1179 88 Tant fort pleurer qu il sembla que chascun

187 1740 1136 99 N eust oncques mais aultre mestier aprins

187 1810 978 91 Si fu de doeul tellement entreprins

184 1890 1088 83 Que mon ennuy ne peut estre comprins

187 1967 994 80 Las ce me fut ung tres piteux destun

179 2034 1112 91 Mort tu as mis grant chose a petit prĩs

189 2117 1032 77 En iennesse as nostre prince sourprins

187 2181 1171 112 Mais tes faictz sont de n espargnet aulcun
