2184 3216
166 276 241 251 L

415 345 1103 105 a mort par toy si tres grant doleur maine

410 431 987 88 Et par regret qui ainsi me demaine

214 493 1122 99 Que ie ne scay quelle part me doy rendre

222 570 1111 100 Penser me tient; foiblesse me pourmaine

225 643 1113 96 Souuenir me ard; desplaisir me ramaine

222 712 1146 100 Peine et soucy me ueulent le cueur fendre

225 787 1103 94 Courreur m a fait par angoisse defendre

220 860 850 96 Ne mesioyr ne a liesse entendre

222 943 1162 91 Langueur me ueult auoir en son demaine

225 1018 1132 86 Fureur m assault. qui me pourra defendre

222 1090 1149 86 Et desespoir uient ches moy logis prendre

222 1163 1092 88 Qui trop de gens auecques luy amaine

184 1264 232 263 C

244 1364 53 85 c

394 1358 907 102 e m est force que d aise me deporte

413 1436 949 99 Car ie la sens desia pres de la porte

225 1516 960 81 Et uient loger dedens ma fantasie

228 1589 1084 88 Ie m esmerueille cõme sur pied me porte

220 1664 1113 86 Et que la mort tout a coup ne m emporte

220 1725 1075 102 Qui long tẽps a ma prins en sa choysie

225 1803 1046 99 Riens ne me plaist esbat ne courtoysie

228 1867 1014 97 Ie ueille en pleurs ie dors en frenasie

230 1953 963 94 Il n est chose qui ma doleur supporte

222 2010 963 104 Pire est mon mal que n est paralisie

220 2095 1027 99 Ma iennesse est de tout bien dessaysie

230 2170 1116 142 Et me deplaist tout ce qu on me rapporte

1151 2382 104 110 u. i
