2124 3204
170 308 225 234 E

200 381 56 153 e

379 365 964 94 t s il estoit a quelcun homme aduis

387 440 932 102 Que follement ie feisse telz deuis

189 517 1021 89 Et que n aye de me plaindre bon droit

200 603 1002 91 Ie luy supply qu il uienne uis a uis

192 662 1034 98 Il congnoistra que ie fauldroye enuys

184 739 983 86 De luy respondre a ce cas et endroit

181 806 1002 91 A mon aduis ainsi qu appartendroit

184 889 1114 96 Cause pourquoy ma raison soustiendroit

179 963 1138 91 Que mil hõmes aultresfois ay ueu uifz

184 1027 1226 110 Sains; gents; ioyeulx ; iennes. et qu or rendroit

179 1113 1178 83 Pour nulle rien ung deulx n en reuiendroit

179 1174 1057 112 Las celle mort fait trop piteux conuis

112 1326 264 225 L

179 1289 45 248 l

358 1393 929 94 a guerre auons mortalite famine

344 1468 1224 112 Le froit; le chault; le iour ; la nuyt nous mine

173 1532 1320 112 Quoy que facons tousiours nostre temps court

173 1604 1093 99 Pulces; cyrons et tant d aultre uermine

170 1676 1032 94 Nous guerroient; brief misere domine

165 1756 1288 110 Noz meschans corps dont le uiure est tres court

165 1828 1245 105 Ung grant mondain ou bien homme de court

165 1898 1213 115 Remply d orgueil sur ung beau cheual court

165 1975 1031 88 Qui a iennesse et d or toute une mine

168 2039 1114 121 Dyroit tantost que mort n a sur luy court

168 2106 980 104 Croy que si a ⁊ que bien tost accourt

168 2181 1020 139 Dont trompe est si son cas n examine
